4925 5900
791 792 1701 878 uuincineratus.·arnrnnnrartcre¹
1847 820 1909 894 «Β

538 955 579 1026 ad
598 950 818 1034 droimium,
835 969 912 1022 tum
931 950 976 1022 de
995 951 1238 1040 comparatione
1257 947 1442 1042 superficiei
1461 949 1602 1044 sphaere,
1631 971 1718 1022 cum-
1727 948 1902 1044 superficie

539 1054 696 1142 Cylindri;
718 1059 751 1122 δι
764 1053 866 1133 Goni,
878 1071 955 1120 tum
965 1050 1009 1120 tle
1020 1051 1262 1138 comparatione
1274 1049 1470 1156 soliditatum
1485 1050 1625 1142 splraerae,
1639 1051 1793 1140 cylindri,
1806 1055 1881 1120 coni
1889 1101 1900 1136 ,

534 1158 761 1242 &corporum
774 1151 987 1242 regularium.
1030 1151 1067 1218 ln
1087 1147 1227 1238 septimo
1248 1149 1333 1218 libro
1358 1152 1390 1236 r)
1410 1149 1607 1221 demorulrrt
1625 1151 1715 1222 diter
1733 1151 1900 1222 nonnullas

533 1248 1121 1342 propositioneetertiitrtuonostr
1134 1249 1221 1317 circa
1244 1248 1493 1332 declinationes,
1520 1256 1552 1320 bc
1571 1248 1766 1320 ascenfioncs
1784 1252 1898 1321 redas:

533 1347 629 1420 babet
640 1352 725 1419 item
738 1347 898 1418 nonnulla
911 1345 1053 1416 desumta
1066 1369 1109 1414 cx
1121 1368 1314 1420 rucnrnrs
1330 1346 1558 1438 pbmtomenis.
1617 1352 1794 1442 Totusque
1814 1349 1898 1420 liber

532 1449 571 1527 ad
584 1446 740 1539 spherica
752 1449 914 1539 pertinet,
929 1451 961 1515 dt
979 1446 1195 1536 proprietates
1209 1447 1410 1540 circulorum
1422 1445 1557 1539 sphcre.
1606 1451 1645 1518 ln
1657 1447 1797 1540 septimo
1810 1448 1896 1518 libro

531 1551 557 1636 r)
569 1545 921 1640 distinguitdupliccm
931 1542 1140 1626 methodum,
1159 1544 1421 1636 compostivant,
1441 1554 1472 1616 δι
1490 1545 1721 1628 resolutivam
1750 1545 1898 1620 recenset

531 1665 641 1717 autern
656 1647 794 1738 triginta
805 1645 902 1714 libros
920 1644 1149 1734 antiquorum,
1170 1665 1314 1735 quorum
1328 1647 1477 1737 plerique
1490 1669 1558 1714 non
1571 1664 1683 1715 extant
1697 1649 1896 1737 pertinentes

528 1743 813 1824 adresolutivam3
832 1745 1187 1814 utDatarucurnrs.
1208 1765 1442 1814 hauncourt
1455 1747 1595 1816 rationes
1608 1744 1739 1826 divisio,
1753 1744 1896 1837 &spatii

528 1843 687 1930 Eiusdem
699 1844 952 1914 inclitutionum.
988 1845 1081 1912 Tum
1093 1843 1160 1934 agit
1174 1840 1219 1912 de
1228 1845 1433 1936 reclangulis,
1454 1844 1496 1916 da
1507 1843 1600 1914 lineis
1611 1844 1813 1937 tangentibus
1822 1846 1896 1914 -cir-

529 1945 664 2024 culum,
676 1943 797 2014 exinde
813 1939 1063 2033 deasymptotis
1082 1939 1291 2032 hyperbolen
1342 1946 1379 2012 ln
1394 1945 1510 2012 odavo
1531 1942 1617 2012 libro
1630 1945 1781 2016 nonnulla
1800 1944 1895 2014 initio

531 2044 693 2136 proponit
703 2041 746 2112 ad
758 2038 985 2112 Mechanicam
998 2040 1187 2132 spectantia,
1201 2044 1269 2134 agit
1287 2043 1367 2110 item
1383 2042 1426 2111 de
1441 2042 1617 2111 virtutibus
1630 2042 1834 2114 matricibus.
1858 2045 1896 2114 ln
1979 2099 1981 2104 .

532 2141 595 2212 boc
610 2164 716 2234 opere
733 2141 838 2210 multa
851 2141 1062 2210 continentur
1081 2137 1273 2232 scitu'digni
1291 2141 1449 2231 permixta
1466 2141 1575 2211 multis
1589 2141 1768 2212 inutilibus.
1798 2142 1895 2234 Opti-

534 2239 742 2322 mumforet,
760 2237 1044 2332 fiexpurgatetur.
1072 2260 1298 2308 urcitanus.

629 2343 696 2430 cc)
721 2341 781 2410 De
802 2336 1001 2408 editionibus
1013 2353 1121 2406 autern
1135 2334 1232 2420 huius
1245 2336 1318 2406 libri
1327 2337 1478 2408 industria
1486 2341 1715 2411 uranarcn
1730 2362 1895 2434 nunquam

535 2435 600 2508 satia
612 2436 770 2508 laudanda
785 2435 963 2529 sequentia.
974 2453 1090 2506 notatu
1110 2435 1206 2528 digm
1227 2437 1376 2527 reliquit:
1398 2439 1478 2508 Haec
1498 2439 1642 2523 lemmata
1656 2463 1732 2518 curn
1746 2439 1895 2509 versione

532 2532 1188 2631 stuproduxitntnncus-nrurnoarrus
1201 2534 1331 2627 dialogo
1339 2535 1381 2603 de
1388 2537 1658 2628 proportionibus
1670 2537 1894 2607 editollasniae

533 2632 1071 2726 1655.fol.p.r54.156tatquelibti
1085 2631 1219 2704 secundi
1235 2632 1416 2725 propositio
1429 2632 1613 2725 XV.usque
1626 2636 1666 2706 ad
1680 2639 1812 2706 XXVII.
1822 2631 1895 2706 ¹sive

532 2753 812 2826 extremamque
824 2732 1021 2812 methodum
1033 2733 1268 2824 multiplicandi
1283 2731 1416 2822 majores
1435 2755 1585 2802 numeros
1600 2735 1783 2817 continent,
1807 2741 1893 2804 &ex

532 2833 660 2906 Codice
666 2833 823 2904 saviliano
839 2854 916 2900 curn
929 2829 1077 2923 vectione
1091 2837 1123 2900 bt
1138 2833 1224 2899 notit
1238 2854 1327 2912 Jorr.
1341 2853 1469 2904 wanti
1478 2856 1492 2899 s
1501 2857 1533 2900 rr
1551 2832 1745 2923 prodierunt
1759 2834 1799 2902 ad
1812 2857 1895 2904 aar·

531 2956 708 3007 tranent
720 2932 821 3003 Samii
834 2931 967 3013 calcem,
981 2931 1095 3002 Oxon.
1108 2935 1192 3005 1688.
1206 2943 1235 3005 8.
1251 2933 1328 3001 &in
1342 2929 1410 3017 ejus
1418 2935 1508 3025 Opp.
1522 2933 1565 3001 T.
1580 2935 1634 3003 111.
1648 2936 1719 3003 Pars
1734 2931 1894 3025 prefatio·

533 3034 580 3101 nis
592 3034 634 3103 ad
649 3025 892 3123 librumVll.in
907 3052 975 3123 qua
985 3048 1137 3099 veterum
1144 3029 1292 3116 Analystn
1305 3032 1536 3121 geometricam
1547 3032 1700 3123 exponit,
1715 3038 1745 3103 br
1760 3054 1895 3103 ructi-

531 3152 595 3203 »ις
608 3132 683 3203 data
692 3122 845 3215 illustrat,
862 3148 1046 3223 eorumque
1058 3126 1153 3199 usun'r
1164 3128 1321 3211 ostendit,
1334 3132 1497 3199 invenitur
1510 3131 1543 3199 in
1562 3131 1804 3223 prolegomenis
1826 3154 1894 3201 na-

531 3252 640 3303 rrurs
658 3251 864 3301 cacconn
877 3230 919 3299 ad
933 3234 1134 3301 ruceium
1147 3228 1327 3300 editionem
1341 3224 1615 3320 preli-tntillimani
1630 3232 1741 3300 Oxon.
1755 3230 1894 3319 nopsol.

532 3328 673 3401 Praefatio
685 3352 773 3399 vero
783 3330 908 3421 integra
921 3328 1011 3397 Libri
1027 3332 1100 3398 Vll.
1114 3335 1146 3399 bt
1163 3329 1310 3397 lenumta
1328 3329 1485 3397 librorum
1504 3336 1578 3429 megi
1595 3326 1684 3423 λα’γε
1707 3328 1762 3419 aa}
1790 3338 1891 3429 χωςίε

532 3429 706 3522 ἀπετομῖῐς
718 3428 964 3521 gracculatine
977 3426 1052 3495 saint
1064 3427 1149 3495 edita
1162 3427 1301 3496 abeunt
1311 3450 1428 3497 uuno
1442 3450 1608 3498 uniter
1624 3448 1698 3497 ante
1712 3450 1892 3500 aronio-

531 3531 727 3621 nutergaei
741 3528 843 3595 libros
855 3528 939 3595 duos
954 3528 995 3595 de
1015 3524 1153 3593 stelione
1173 3527 1514 3597 rationisexArabico
1532 3526 1658 3607 uersos,
1680 3529 1799 3619 quibus
1813 3529 1892 3597 toti·
1961 3536 1963 3541 '
2069 3504 2085 3544 ·'

532 3626 606 3699 dem
618 3626 662 3697 de
675 3624 816 3697 sedione
829 3624 921 3717 spatii
933 3626 1123 3721 exingenio
1136 3622 1193 3693 suo
1206 3624 1371 3713 restitutos
1383 3623 1559 3710 subjunxit,
1576 3630 1783 3709 Oxon.1706.
1797 3629 1893 3700 ulii,

530 3726 588 3797 ber
601 3726 735 3809 tertius,
750 3745 895 3818 quatnu,
909 3726 1058 3817 quintus,
1069 3721 1192 3805 sextus,
1206 3720 1362 3817 septimus
1376 3730 1406 3793 ὁ(
1420 3726 1550 3793 ollavus
1564 3726 1658 3792 latine
1674 3744 1800 3793 tanturn
1812 3718 1892 3815 pio-

530 3824 660 3896 uiemnt
673 3848 751 3893 cum
766 3820 914 3893 verbone
936 3846 1130 3895 cruenter
1151 3845 1368 3893 coarnrauu
1381 3847 1444 3893 rur
1463 3820 1578 3892 Pisauri
1593 3836 1664 3905 1559„
1680 3826 1800 3891 Vener.
1813 3838 1893 3909 1589·

528 3942 627 4017 atque
639 3928 761 3993 iterum
773 3920 891 3993 Pisauri
906 3930 990 3991 1602.
1011 3920 1068 3991 sol.
1084 3924 1279 3993 luculentior
1294 3922 1395 3990 editio
1410 3946 1491 3991 vero
1514 3920 1559 3991 est
1579 3943 1730 3993 canoni
1754 3942 1810 3988 nra
1821 3944 1893 3991 uo·

528 4044 657 4096 ntuetr
670 4025 825 4091 Bononiat
831 4029 918 4093 1660.
926 4020 984 4089 sol.
993 4018 1086 4107 cujus
1093 4020 1203 4102 verba,
1216 4044 1288 4111 quae
1301 4040 1505 4115 annotentur,
1520 4021 1615 4113 digna
1624 4018 1705 4089 sunt.
1732 4020 1893 4088 “sidem“

527 4143 634 4191 meam
646 4122 777 4191 dudum
788 4123 822 4189 in
843 4142 981 4195 cattum
1003 4119 1160 4211 operibus
1177 4120 1238 4187 ribi
1253 4122 1499 4212 oppignoratam
1512 4140 1550 4187 ut
1563 4118 1696 4188 liberare
1709 4120 1895 4208 incipiam,·‘

529 4242 645 4291 rarat
658 4218 908 4291 Mathematicus
925 4217 1061 4311 profero
1083 4219 1303 4297 colleliiones,
1322 4219 1355 4285 in
1369 4222 1488 4309 quibus
1501 4219 1713 4289 enuculandis
1727 4218 1855 4309 qualern
1863 4228 1895 4301 ,“

526 4316 945 4411 quantamvcinsumserim
956 4342 1102 4409 operam,
1114 4316 1212 4386 facile
1219 4316 1279 4385 tibi
1292 4320 1474 4407 periculum
1486 4320 1603 4409 prioris
1616 4319 1699 4387 illius
1713 4338 1790 4387 cum
1805 4326 1896 4387 mea“

527 4418 587 4489 luc
600 4418 749 4489 editione
761 4417 893 4487 facienti
908 4417 1096 4487 innotescet.
1140 4414 1226 4485 Usus
1238 4415 1396 4507 fiquidem
1411 4418 1520 4486 labore
1533 4425 1564 4487 ἃ
1577 4415 1701 4502 judicio
1718 4418 1896 4489 Vitorunr‘

525 4534 597 4587 rom
611 4520 733 4587 Gtaecae
745 4519 878 4609 lingue,
893 4534 964 4585 tum
978 4516 1299 4597 Mathernaticarum,
1312 4538 1396 4606 quos
1410 4517 1601 4587 Studiorum
1615 4517 1724 4587 Mater
1733 4519 1897 4587 Bononia‘

525 4616 666 4705 educat,
676 4618 878 4708 peritiorum
891 4612 1002 4698 effeci,
1021 4636 1061 4684 ut
1074 4614 1204 4685 detersae
1215 4614 1276 4683 stnt
1288 4616 1411 4683 menda
1428 4638 1535 4707 prope
1551 4617 1741 4697 inmunerae,
1753 4618 1893 4707 quibus“

526 4716 654 4789 Gracus
667 4714 821 4812 turdique
833 4710 972 4790 scatebat
984 4734 1175 4805 contextus,
1188 4721 1220 4789 bt
1231 4713 1346 4809 (quod
1357 4734 1456 4804 crput
1470 4714 1535 4807 est)
1556 4714 1692 4791 restituti
1707 4718 1892 4795 literatura“

1307 4816 1429 4902 Aaa3
1789 4814 1898 4887 chant-
