4925 5900
673 815 697 854 -·
720 791 971 884 rursum
987 759 1284 880 oocrnnm
1305 805 1709 889 occunnrnrm.
1864 843 1920 911 417

798 953 881 1058 De
910 933 1015 1059 visis
1040 953 1247 1168 variispn
1273 952 1397 1057 coelo
1423 986 1643 1092 apparen-

1166 1111 1198 1166 t1
1223 1113 1280 1170 us·

576 1219 763 1298 -vecensu
779 1243 821 1296 ut
840 1226 915 1296 dixi
932 1223 1038 1296 mmor
1047 1273 1059 1308 ‚
1083 1225 1217 1318 quando
1238 1225 1274 1294 in
1291 1225 1427 1317 longum
1446 1227 1551 1297 modo
1573 1228 1733 1300 mmmsm
1754 1237 1911 1330 concipit,

618 1328 811 1417 emittitque
824 1327 1000 1418 igniculos,
1021 1323 1107 1394 liunt
1118 1345 1222 1417 capre
1240 1347 1320 1416 quas
1333 1345 1471 1408 vocant,
1484 1327 1568 1396 villis
1589 1333 1675 1399 enim
1691 1331 1910 1423 dependenti-

543 1425 660 1494 busilli
681 1425 818 1517 igniculi
839 1447 908 1492 non
935 1419 1095 1493 dislimiles
1113 1422 1197 1494 sunt.
1255 1425 1288 1492 Si
1300 1446 1383 1493 vero
1404 1426 1438 1493 in
1461 1425 1596 1518 longum
1618 1426 1788 1500 succensus
1808 1436 1906 1506 nullas

542 1521 783 1594 scintillationes
796 1526 938 1604 emittat,
950 1545 967 1592 a
980 1521 1082 1614 ligura
1104 1524 1265 1614 appellant
1279 1525 1414 1592 trabem.
1467 1528 1515 1594 At
1529 1548 1600 1616 quae
1614 1529 1732 1596 cadere
1752 1534 1907 1602 videnmr

540 1621 630 1694 aena
649 1619 888 1712 (discurrentes
901 1621 1089 1692 Aristoteles
1104 1627 1222 1709 vocat)
1236 1621 1343 1690 semcn
1358 1626 1390 1691 in
1404 1621 1436 1692 se
1449 1626 1529 1715 ignis
1543 1625 1676 1706 lubcnt,
1692 1626 1845 1698 succenso
1858 1655 1902 1701 cx

539 1741 631 1816 perte
651 1719 814 1813 fuligineo
835 1741 970 1811 vapore,
991 1727 1022 1790 aa
1043 1721 1124 1789 dum
1144 1739 1299 1812 augetur,
1321 1722 1529 1792 transversam
1548 1722 1686 1794 faciente
1709 1730 1904 1799 motionem.

538 1819 707 1912 Obliquus
720 1839 826 1890 autem
839 1839 948 1888 motus
959 1817 1001 1889 lit
1020 1839 1160 1910 propter
1172 1821 1261 1888 aliam
1276 1819 1417 1900 causam,
1439 1823 1572 1912 quando
1594 1826 1746 1894 nimirum
1766 1827 1903 1922 refrigess
2022 1873 2044 1910 .

538 1921 841 2000 mtionetrudente,
854 1918 989 2009 obliqua
1000 1917 1104 2010 sigum
1117 1918 1278 1986 redditur.
1303 1922 1388 1988 Cum
1397 1921 1482 1989 enim
1491 1943 1590 1990 omne
1605 1921 1745 2014 desuper
1757 1929 1903 1999 omilium

536 2017 688 2089 inferiora
699 2039 806 2110 petat,
821 2019 901 2109 ignis
913 2039 996 2085 vero
1013 2037 1124 2085 natura
1136 2015 1252 2085 habeat
1263 2037 1303 2084 ut
1315 2019 1429 2087 tendat
1442 2016 1580 2100 sursum,
1605 2021 1767 2112 pressione
1780 2050 1902 2120 cogen.

538 2137 568 2188 re
583 2118 625 2186 ad
644 2116 799 2186 inferiora
818 2115 970 2198 tendere,
994 2122 1025 2186 dt
1044 2135 1155 2184 sutura
1183 2111 1319 2186 vicillun
1339 2138 1478 2210 cogente
1502 2117 1624 2188 sursum
1643 2125 1740 2205 eniti,
1763 2124 1901 2197 nascitur

490 2289 496 2304 ,
539 2217 633 2288 mixta
647 2217 800 2322 qupdam
814 2215 960 2284 veluti&
972 2214 1106 2306 obliqua
1126 2214 1243 2282 motio.

705 2429 788 2536 De
812 2425 1135 2566 apparentibus
1159 2426 1207 2525 in
1230 2425 1354 2528 coelo
1379 2425 1730 2563 sanguinolentis

1012 2561 1200 2640 coloribus
1215 2561 1252 2638 dt
1267 2561 1434 2638 hiatibus.

591 2699 825 2794 Anguinolenti
843 2699 973 2768 colores
985 2699 1019 2766 in
1032 2697 1120 2767 coelo
1135 2695 1398 2788 conspiciuntur,
1413 2700 1544 2789 quando
1553 2701 1655 2770 nubes
1663 2704 1752 2794 nigra
1767 2704 1807 2773 ad
1821 2706 1900 2776 lanu

489 2875 496 2880 ,
613 2799 786 2892 splendide
796 2799 891 2867 nubis
905 2797 1078 2877 exstiterit,
1098 2800 1297 2875 neemiam,
1311 2798 1444 2888 quando
1461 2797 1540 2866 infra
1559 2798 1759 2890 splendidam
1779 2806 1900 2874 nubem

535 2899 627 2971 aubis
640 2899 794 2993 nigricans¹
807 2899 994 2991 conligitur.
1043 2901 1189 2967 Aecum
1207 2895 1345 2987 quidem
1369 2896 1409 2965 ad
1426 2898 1505 2966 latus
1520 2898 1677 2983 confistit,
1700 2921 1779 2971 tunc
1792 2902 1897 2975 visum

529 2998 610 3071 'illud
622 3000 790 3091 contingit
811 3020 873 3089 per
888 2997 1112 3067 refmctionem
1124 2997 1302 3067 radiorum.
1354 2999 1468 3065 Hiatus
1486 3022 1566 3068 vcro
1582 2999 1646 3070 five
1662 3000 1827 3073 Chasmata
1840 3028 1897 3097 ap-

534 3118 664 3191 parent,
682 3097 819 3189 quando
836 3099 925 3189 nigra
944 3094 1177 3188 splendidaque
1195 3096 1299 3163 nubes
1314 3097 1426 3165 eandem
1442 3094 1613 3187 superficie
1628 3100 1898 3187 coeliconsistunt,

534 3198 573 3269 its
592 3217 634 3267 ut
652 3198 745 3289 nigra
762 3198 897 3266 interius
917 3195 994 3277 stet,
1014 3195 1181 3286 splendida
1201 3196 1355 3263 exterius.
1419 3198 1518 3263 Tunc
1539 3199 1665 3287 quippe
1684 3197 1770 3268 visus
1788 3202 1897 3289 noster

534 3294 699 3389 splendida
712 3297 813 3387 magis
825 3316 1004 3385 occupatus
1025 3297 1215 3386 nigramque
1238 3293 1358 3361 tardius
1372 3292 1670 3381 comprehendens,
1691 3298 1826 3367 videtur
1838 3300 1898 3369 fibi
2021 3384 2027 3399 Ι

533 3392 653 3467 hiatum
670 3394 805 3475 videre,
825 3394 918 3485 quod
932 3415 992 3483 per
1003 3394 1264 3485 imaginationem
1278 3416 1295 3459 a
1309 3394 1402 3482 nigro
1419 3392 1531 3460 colore
1546 3391 1702 3475 objectam
1715 3388 1845 3469 accidit.

698 3522 781 3625 Dc
804 3516 1121 3653 magnitudine
1147 3516 1285 3639 Solis,
1317 3519 1460 3639 Lunae
1486 3526 1536 3625 &
1562 3522 1736 3628 Terrae.

583 3692 627 3765 Ol
641 3690 686 3763 ad
701 3710 820 3759 terram
834 3712 877 3759 ex
891 3687 1067 3759 Aristarchi
1081 3689 1129 3757 rei
1143 3687 1363 3758 astronomica:
1379 3687 1558 3779 peritislimi
1570 3690 1724 3763 sententia
1739 3693 1895 3781 majorem

605 3792 768 3861 rationem
791 3788 912 3869 habet,
932 3811 1032 3879 quam
1051 3786 1153 3857 sexies
1175 3788 1287 3870 mille,
1317 3789 1499 3879 odingenta
1521 3798 1552 3861 dt
1574 3789 1826 3885 undesexaginta
1852 3796 1894 3864 ad

529 3886 654 3983 septem
666 3896 700 3961 dt
712 3889 839 3981 viginti.
888 3888 1127 3975 Diameterque
1141 3883 1213 3955 solis
1234 3886 1274 3955 ad
1289 3904 1382 3954 terra:
1403 3888 1596 3958 diametmm
1618 3886 1773 3972 majorem
1794 3892 1895 3963 habet

528 3989 689 4061 rationem
704 4011 806 4081 quam
817 3986 1022 4077 undeviginti
1035 3986 1076 4054 ad
1091 3987 1162 4054 tria.
1210 3989 1365 4055 Praetetea
1381 3986 1539 4056 diameter
1552 3986 1624 4057 solis
1638 3989 1797 4059 diametro
1812 3992 1893 4060 lunae

528 4086 632 4173 nior
642 4088 719 4181 plus
726 4109 826 4179 quam
832 4086 1063 4176 duodeviginti
1079 4083 1216 4151 vicibus.
1265 4086 1308 4152 Et
1322 4081 1367 4151 sol
1382 4085 1422 4152 ad
1444 4086 1551 4155 lunam
1564 4086 1720 4173 majorem
1733 4087 1831 4159 habet
1844 4112 1894 4160 ru·

526 4187 651 4257 ιὶοιιαιι
666 4210 767 4279 quam
786 4186 961 4277 quinquies
981 4180 1093 4263 mille,⁸
1114 4184 1297 4272 odingenta
1317 4190 1347 4251 dt
1367 4185 1496 4274 triginta
1511 4186 1581 4253 duo
1593 4188 1633 4255 ad
1649 4209 1762 4255 unum.
1811 4192 1893 4259 Hac

524 4306 596 4355 stou
607 4284 796 4377 simpliciter
810 4287 899 4355 ita&
913 4280 978 4351 fine
991 4282 1264 4352 demonstratione
1277 4282 1365 4371 apud
1378 4281 1568 4375 Astrologos
1580 4305 1824 4377 proponuntur,
1838 4285 1895 4358 sed

524 4385 748 4457 Geometricis
762 4391 794 4455 a
812 4379 990 4453 certiffimis
1009 4379 1336 4451 demonstrationibus
1357 4379 1564 4465 confirmata,
1585 4385 1760 4477 dequibus
1783 4387 1893 4458 dicere

523 4504 594 4555 ωιι
605 4482 752 4555 locusest
765 4485 800 4552 in
813 4481 974 4575 praesenti,
997 4482 1109 4573 itaque
1117 4479 1208 4570 Tibi,
1221 4481 1408 4571 Imperator
1422 4476 1632 4566 divinissime,
1651 4484 1896 4579 propositiones

524 4580 621 4655 lusce
633 4583 698 4669 jam
716 4582 782 4653 fine
803 4581 1077 4653 demonstratione
1097 4580 1248 4672 accipere
1267 4578 1338 4651 satis
1350 4578 1468 4662 suerit,
1485 4582 1772 4659 demonstrationes
1784 4606 1893 4659 autem

523 4682 592 4753 alio
606 4704 758 4779 tempore
770 4705 788 4752 a
799 4704 855 4752 mc
868 4682 1027 4774 requires.

1350 4770 1480 4910 Ggg
1611 4937 1614 4945 Ι
1810 4780 1896 4883 -Dc
