4925 5900
572 847 575 852 .
600 800 670 864 ιιι,
1002 778 1156 850 utura
1180 777 1248 845 ιν.
1281 776 1533 872 carere.

610 871 762 1019 nuntur
777 925 817 1011 in
832 922 977 1009 Divers
995 923 1205 1031 Ouvrages
1222 919 1273 1004 de
1296 917 1614 1030 lllathcmatique
1638 921 1674 1004 u
1702 916 1759 1001 de'
1783 885 1975 1031 Phylique

613 1071 690 1158 par
727 1037 938 1130 Messreurs
974 1036 1025 1120 dc
1048 1035 1072 1118 l
1080 1031 1300 1120 academie
1336 1033 1495 1148 Royale
1529 1033 1601 1119 des
1636 1033 1848 1130 Sciences,
1872 1013 1979 1116 Parii.

625 1163 745 1265 1693.
774 1149 847 1238 fol.

644 1343 649 1350 ·
720 1305 761 1393 p)
781 1304 912 1372 Summa
924 1293 1022 1380 hujus
1034 1290 1198 1373 methodi,
1210 1308 1250 1359 ut
1267 1290 1363 1359 ctiam
1379 1290 1410 1355 in
1425 1290 1512 1360 Attis
1526 1289 1653 1358 Erudit.
1666 1293 1707 1358 A.
1716 1296 1801 1375 1695.
1816 1313 1849 1381 p.
1860 1289 1980 1358 node·

621 1402 802 1480 scribitur,
834 1394 1043 1487 sequentibus
1057 1393 1098 1460 ab
1113 1389 1184 1482 ipso
1203 1389 1343 1458 traditur
1356 1388 1484 1479 regulis,
1504 1383 1583 1478 quas
1598 1387 1677 1479 ipsas
1699 1389 1822 1458 deinde
1842 1389 1981 1480 pluribu⁵

621 1500 782 1590 exemplis
796 1495 938 1564 illustrat.
987 1495 1014 1580 1)
1037 1494 1070 1562 Si
1085 1491 1131 1570 id,
1146 1487 1241 1580 quod
1259 1485 1463 1578 propositum
1478 1485 1542 1566 est,
1563 1487 1759 1578 generaliter
1776 1489 1910 1578 quidem
1929 1509 1999 1580 cu·¹

622 1594 877 1694 gnitum-fuerit,
895 1615 964 1661 non
974 1612 1057 1659 uero
1075 1588 1275 1680 particulare,
1290 1586 1384 1675 quod
1406 1588 1603 1675 proponitur
1623 1587 1858 1654 inveniendum
1867 1603 1984 1684 ,oporg

621 1718 673 1769 tet
686 1719 753 1788 ope
768 1694 910 1785 plurium
926 1690 1166 1780 particularium
1179 1683 1389 1775 cognitorum
1404 1684 1551 1751 invenire
1572 1685 1712 1774 aliquam
1726 1687 1871 1778 tegulam
1885 1685 1981 1752 omni-

622 1800 685 1867 bus
700 1794 961 1867 convenientem,
975 1785 1115 1870 &hujus
1129 1781 1326 1852 adminiculo
1344 1783 1491 1873 indagare
1508 1781 1685 1873 quefitum,
1736 1787 1767 1872 ε)
1790 1785 1823 1854 Si
1840 1785 1885 1865 id,
1894 1783 1980 1878 quod

622 1892 830 1989 propositum
846 1885 902 1968 ell,
915 1907 976 1955 nec
989 1886 1022 1952 in
1035 1895 1246 1977 genere‘,uec
1259 1882 1300 1948 in.
1313 1879 1422 1971 specie
1441 1883 1610 1972 cognitum
1634 1881 1755 1962 fuerit,
1776 1885 1983 1974 proprietatet

622 1993 693 2077 eius
706 2013 767 2082 per
778 1989 828 2068 id,
838 1983 933 2078 quod
946 1986 1116 2075 cognitum
1129 1980 1184 2062 est,
1198 1979 1272 2048 sunt
1283 1980 1493 2075 inquirende.
1567 1983 1609 2050 Et
1628 1981 1717 2048 hunc
1740 1983 1775 2048 in
1794 1983 1895 2052 finem
1909 2005 1984 2052 con·

623 2088 768 2162 struendi
783 2095 814 2155 &
829 2083 991 2153 efficiendi
1005 2081 1078 2150 sunt
1097 2079 1224 2148 numeri
1239 2077 1353 2146 fimilcs
1367 2080 1428 2156 illi,
1450 2080 1506 2168 qui
1521 2082 1695 2167 quaritur,
1718 2082 1871 2150 omnibus
1886 2081 1986 2150 madir

622 2185 837 2284 possibilibus,
851 2185 894 2252 ita
906 2201 944 2250 ut
959 2183 1068 2249 nullus.
1081 2182 1251 2247 omittatur
1264 2178 1452 2268 incipiendo
1466 2201 1482 2244 a
1498 2179 1672 2247 mutuno&
1689 2181 1921 2260 continuando,
1929 2179 1985 2248 do-

511 2305 515 2312 ·
624 2310 687 2358 nec
702 2305 854 2353 numerus
868 2279 1026 2350 sufficiens
1042 2301 1157 2346 eorum
1173 2275 1337 2356 habeatur,
1362 2278 1534 2366 exquibus
1559 2279 1752 2367 comparatis
1774 2283 1985 2372 proprietates

625 2387 700 2456 elici
712 2385 853 2476 pollunt.
902 2381 930 2466 3)
953 2382 1007 2447 Ne
1020 2380 1190 2444 omittatur
1201 2375 1315 2466 aliquis
1330 2395 1371 2442 ex
1388 2375 1446 2441 illis
1457 2377 1605 2457 numeris,
1619 2377 1677 2467 qui
1692 2373 1985 2458 construendisunt,

626 2486 712 2554 ordo
726 2483 839 2576 aliquis
854 2476 1058 2548 stabiliendus
1071 2474 1127 2556 est,
1140 2497 1181 2543 ne
1196 2475 1228 2540 in
1243 2473 1302 2541 luc
1316 2471 1548 2565 perquisitione
1568 2475 1768 2544 aberremus.
1816 2481 1859 2546 Et
1872 2477 1923 2546 bic
1934 2499 1983 2546 or-

492 2595 526 2634 ···
626 2584 673 2654 do
689 2583 789 2652 debet
801 2577 864 2648 ell'e
875 2578 1015 2646 maxime
1027 2573 1174 2664 fimplex,
1189 2579 1219 2642 dt
1234 2573 1365 2640 minime
1381 2575 1525 2640 omnium
1542 2574 1729 2664 perplexus,
1743 2563 1881 2668 talisque
1895 2597 1931 2646 ut
1945 2598 1983 2644 eo

627 2683 792 2754 mediante
805 2673 961 2770 posiirnus
977 2675 1167 2742 continuate
1179 2693 1390 2740 numerorum
1403 2671 1691 2755 constructionem,
1716 2695 1878 2766 quantum
1891 2677 1984 2754 lubet,

627 2781 693 2852 flne
709 2780 772 2848 ulla
789 2773 1137 2862 confufione,oportet
1149 2771 1256 2850 etiam,
1270 2792 1307 2837 ut
1324 2769 1390 2838 lucc
1413 2768 1591 2861 disquisrtio
1613 2769 1651 2840 lit
1673 2775 1816 2854 maxime
1840 2777 1984 2844 brevis&

437 2931 440 2938 .
498 2885 501 2889 ’
627 2880 737 2960 facilis,
752 2877 793 2945 ad
807 2895 943 2965 eamque
967 2871 1175 2940 obtinendam
1203 2869 1332 2938 duobus
1356 2872 1405 2937 uti
1428 2869 1592 2961 pollemus
1611 2871 1736 2940 mediis'
1750 2875 1983 2967 principalibus.

627 2980 735 3048 Brevis
748 2976 834 3042 enim
848 2975 919 3053 erit,
932 2970 958 3038 sr'
968 2992 1033 3039 tam
1047 2993 1170 3062 paucos
1184 2968 1420 3037 confideremus
1433 2991 1596 3052 numeros,
1610 2993 1711 3063 quam
1724 2972 1870 3043 admittit
1882 2992 1985 3043 natum

628 3073 824 3167 quaellionis;
846 3069 946 3139 facilis
960 3092 1059 3150 vere,
1093 3066 1117 3136 sr
1136 3089 1266 3136 utamur
1287 3069 1426 3137 numeris
1449 3070 1594 3137 omnium
1617 3068 1823 3160 posfibilibus
1843 3074 1982 3143 minimis.

627 3176 667 3261 4)
691 3171 747 3240 nd
760 3172 849 3261 prius
864 3168 1078 3236 obtinendum
1091 3164 1190 3234 servit
1203 3166 1366 3235 Exclufio.
1445 3172 1506 3236 Per
1520 3166 1602 3235 hanc
1622 3172 1778 3239 nimirum
1795 3174 1981 3242 omittuntur

626 3271 771 3350 numeri,
791 3291 875 3359 quos
890 3267 1016 3334 inutiles
1030 3268 1253 3357 cognovimus,
1262 3267 1388 3357 quique
1396 3265 1475 3333 nihil
1487 3267 1526 3335 ad
1534 3267 1744 3357 questionem
1754 3270 1886 3355 faciunt,
1893 3294 1983 3367 quoe-

618 3392 695 3463 ‘que
710 3368 793 3436 adeo
813 3367 977 3457 pollemus
997 3367 1165 3443 omittere;
1188 3365 1298 3454 quales
1314 3364 1386 3434 sunt
1402 3368 1596 3457 plerumque
1618 3368 1778 3459 multipli,
1802 3372 1862 3463 qui
1885 3392 1983 3439 tamen

628 3467 758 3539 duobus
772 3468 934 3555 precipue
951 3466 984 3530 in
998 3462 1118 3531 cafibus
1130 3460 1204 3531 fiant
1217 3462 1449 3545 confiderandi,
1466 3466 1597 3556 quando
1610 3464 1732 3535 scilicet
1748 3470 1869 3539 nullam
1884 3470 1981 3539 adhue

626 3566 763 3635 scientes
778 3564 1012 3653 proprietatem
1030 3564 1155 3630 numeri
1169 3560 1300 3652 quesiti,
1314 3585 1412 3632 omne
1427 3564 1460 3631 id
1476 3568 1656 3655 querimus,
1671 3566 1767 3657 quod
1783 3570 1892 3638 eidem
1900 3592 1981 3639 cum

625 3666 728 3755 petit,
742 3660 807 3728 five
815 3661 999 3749 primitivus
1012 3660 1077 3729 five
1090 3660 1256 3750 multiplus
1269 3660 1383 3741 fuerit,
1396 3686 1432 3730 ac
1441 3662 1570 3757 deinde,
1585 3666 1718 3755 quando
1733 3668 1868 3751 accidit,
1881 3690 1984 3738 utnon

626 3778 790 3853 repugnet
803 3759 895 3849 quod
911 3761 1065 3849 quaritur
1077 3758 1194 3827 fadum
1208 3760 1279 3840 else,
1295 3763 1410 3849 partim
1426 3784 1485 3852 per
1498 3765 1690 3852 primitivos,
1705 3770 1826 3855 partim
1842 3790 1935 3839 etum
1951 3766 1985 3837 li-

627 3861 695 3928 mul
709 3880 770 3949 per
783 3858 958 3947 multiplus.
1006 3860 1036 3943 5)
1061 3856 1210 3925 Euclufio
1224 3857 1290 3925 hac
1305 3880 1442 3951 quoque
1455 3860 1494 3929 fit
1509 3861 1743 3932 couliderando
1752 3866 1943 3937 cbamderes
1950 3866 1985 3935 li·

624 3960 710 4029 nales
723 3978 944 4025 numerorum.
995 3956 1128 4024 Accidit
1141 3958 1227 4023 enim
1243 3955 1333 4046 sepe,
1348 3980 1386 4026 ιιι
1399 3982 1441 4026 ex
1457 3958 1504 4027 bis
1520 3960 1742 4053 intelligamus,
1758 3968 1917 4055 plurimos
1930 3988 1983 4035 nu·

627 4080 813 4125 merosnon
828 4054 917 4145 polle
933 4053 1051 4121 habere
1065 4055 1254 4144 qualitatem
1265 4056 1458 4147 requilitam.
1534 4062 1567 4147 6)
1592 4060 1760 4130 Pollumus
1774 4068 1872 4135 etiam
1887 4062 1984 4137 conli-

525 4151 535 4161 ’
626 4156 740 4225 derare
755 4154 923 4245 qualitates
935 4152 1143 4243 particulares
1155 4154 1308 4244 quasdam
1322 4158 1369 4223 'rei
1385 4154 1527 4247 questrat,
1551 4157 1591 4225 ad
1610 4160 1833 4232 exclusionem
1849 4168 1929 4235 illam
1942 4164 1983 4233 fa·

625 4254 783 4323 ciendam.
832 4254 866 4339 7)
886 4252 997 4320 Facilis
1010 4250 1160 4320 redditur
1171 4249 1349 4343 disquifitio
1363 4255 1588 4339 diminutione,
1601 4258 1640 4326 ad
1658 4282 1756 4349 quam
1772 4264 1982 4353 pluribusviir

624 4354 824 4444 pervenitur.
876 4351 1038 4417 Nimirum
1054 4350 1230 4440 querendo
1249 4373 1304 4419 aut
1318 4354 1468 4444 eligendo
1490 4356 1627 4447 aliquam
1651 4364 1905 4449 proprietatem,
1918 4384 1983 4455 qut

625 4450 752 4529 efficiat,
769 4469 808 4515 ut
824 4448 868 4527 id,
882 4450 974 4539 quod
989 4450 1154 4538 quaritur,
1175 4448 1274 4539 posfit
1297 4474 1358 4541 per
1379 4454 1517 4520 minores
1538 4455 1678 4523 obtineri
1701 4482 1981 4555 numeros,quam

621 4548 698 4617 sant
708 4550 762 4628 illi,
776 4569 860 4637 quos
875 4548 1056 4615 invenimus
1067 4550 1222 4636 peraliam
1237 4553 1480 4640 proprietatem.
1532 4556 1568 4639 8)
1585 4556 1803 4651 Quandoque
1814 4562 1982 4653 postquam

618 4648 671 4721 uia
683 4646 816 4717 iuventa
830 4642 887 4731 cll,
901 4666 965 4739 qua
976 4646 1143 4739 pellimur
1158 4647 1307 4721 irruettire
1327 4666 1509 4723 numerum·
1520 4652 1703 4746 qursuuu,
1716 4656 1982 4735 determimtum·

1916 4782 1978 4857 qlle
