4925 5900
755 810 826 881 DE
852 805 1179 880 MATHESEDS
1206 806 1528 884 UTILITATE.
1704 752 1707 758 ⁴
1797 835 1838 901 27

446 961 547 1033 ribus
560 960 596 1029 in
607 955 704 1048 Jobo'
712 963 746 1030 dt
760 955 947 1051 Prophetis,
960 957 1003 1028 de
1017 955 1334 1028 commensuratione
1348 963 1491 1051 partium
1503 958 1600 1048 hujus
1613 960 1771 1046 universi,
1790 963 1833 1035 de

448 1062 553 1142 stella,
568 1082 642 1154 quar
653 1061 763 1152 Magis
776 1059 944 1152 apparuit,
964 1057 1008 1128 de
1019 1058 1101 1128 solis
1122 1056 1231 1150 eclipfi
1249 1078 1403 1152 tempore
1414 1058 1566 1132 Paffionis
1580 1062 1697 1133 Christi
1716 1070 1747 1134 dt
1765 1065 1833 1136 aliis

448 1181 591 1231 numero
610 1157 774 1252 pluribus.
821 1162 864 1229 Et
882 1156 1245 1251 ipsespiritus'Sandtu
1266 1181 1326 1228 uos
1346 1162 1496 1232 amandat
1512 1161 1555 1232 ad
1575 1160 1830 1257 simmia,

427 1278 490 1331 'ut
501 1262 581 1331 inde
599 1260 747 1330 divinam
762 1258 957 1353 potentiam,
972 1256 1216 1350 sapientiam&
1228 1259 1662 1356 ·bonitattm.ag'nosoamus.⁴
1704 1268 1829 1334 Levate
1855 1279 1877 1314 θ

450 1364 485 1432 in
499 1355 674 1433 excelsum
689 1362 806 1429 oculos
828 1358 950 1429 vestros
970 1365 1003 1429 dc
1022 1358 1159 1440 videte,
1189 1360 1273 1452 quis-
1285 1361 1535 1432 creaverit'haet
1554 1363 1635 1451 Jesr.
1653 1367 1721 1435 XL.
1742 1366 1827 1441 Coeb‘

451 1465 538 1533 enim
552 1480 702 1533 tramant
719 1460 855 1553 gloriam
869 1460 935 1530 Dei
955 1466 1107 1551 &opera
1131 1482 1288 1530 manuum
1308 1458 1378 1545 ejus
1394 1465 1568 1533 annunciat
1585 1464 1828 1535 simumentum

450 1561 562 1635 Psalm.
577 1565 660 1633 XIX.
680 1561 786 1659 Quod
805 1563 901 1631 etiam
919 1560 1053 1653 gentiles
1066 1581 1255 1651 agnovere;
1275 1561 1321 1630 ita
1336 1558 1449 1631 scribit
1472 1585 1609 1634 auaro
1638 1564 1711 1635 Lib.
1726 1569 1766 1635 X.
1782 1566 1827 1636 de

450 1665 568 1759 legib.
590 1652 671 1737 durtii
689 1652 798 1767 fridus
817 1649 890 1737 bat
907 1655 1264 1756 Maitona->asyro
1291 1655 1403 1745 r's‘tt'm
1418 1668 1563 1739 Θσοίὸιο.
1589 1664 1701 1747 idest,
1718 1667 1826 1736 Facile
1928 1709 1933 1714 -
2059 1730 2065 1738 .

452 1764 499 1835 est
517 1764 689 1835 veritatem
709 1760 795 1832 banc
816 1760 1002 1841 ostendere,
1030 1760 1199 1862 quodlDii
1216 1758 1292 1830 sint:
1322 1763 1467 1832 Primum
1485 1764 1622 1855 quidem
1642 1784 1743 1848 tetra,
1761 1764 1826 1848 sol,
1904 1776 1908 1783 '

454 1864 570 1945 sidera,
589 1861 765 1955 ipsumque
780 1860 983 1943 universum,
1002 1880 1192 1953 temporum
1206 1883 1345 1954 quoque
1357 1860 1553 1934 ornatissima
1570 1867 1723 1948 varietas,
1737 1867 1826 1935 antus

457 1962 680 2054 mettsbusque
701 1962 843 2032 distinda
862 1962 896 2029 id
918 1960 1101 2030 ostendunt.
1158 1964 1349 2032 Graecorum
1371 1982 1526 2053 preterea
1546 1966 1826 2057 barbarorumque
1914 2040 1926 2061 Ι

454 2066 598 2135 ouutiuut
612 2060 772 2133 consensu
778 2064 871 2134 Deos
886 2062 948 2132 esse
960 2061 1143 2131 fatentium.
1194 2084 1349 2132 crcrno
1368 2062 1411 2131 de
1424 2063 1564 2156 Harusp.
1578 2065 1677 2157 Resp.
1694 2068 1826 2164 “Quisf‘

451 2165 498 2235 est
511 2185 576 2235 tam
587 2186 724 2247 vecors,
743 2141 804 2256 qiti
816 2183 874 2232 aut
887 2185 963 2231 cum
978 2159 1158 2253 suspexerit
1171 2162 1205 2229 in
1220 2162 1344 2250 ctelum
1358 2166 1451 2233 Deos
1465 2165 1528 2233 elie
1543 2188 1609 2234 non
1620 2164 1752 2248 sentiat,
1765 2174 1826 2237 &“

442 2281 504 2349 ea,
519 2283 691 2358 quaetanm
707 2284 822 2333 meme
834 2262 936 2346 fiunt,
954 2282 995 2332 ut
1014 2263 1075 2331 vix
1093 2262 1273 2354 quicquam
1294 2280 1363 2333 arte
1383 2263 1447 2333 ulla
1464 2265 1616 2334 ordinem
1639 2287 1751 2335 rerum
1765 2272 1825 2342 &4

452 2362 705 2435 vicissitudinem
723 2361 882 2455 consequi
894 2358 1008 2455 possit,
1021 2358 1095 2431 casu
1108 2361 1182 2431 fieri
1195 2362 1315 2455 putet?
1322 2412 1343 2445 „
1362 2370 1395 2434 bt
1407 2364 1480 2434 Lib.
1494 2368 1535 2436 11.
1549 2365 1592 2435 de
1600 2369 1724 2436 Naum
1730 2369 1825 2437 Deo-

451 2488 542 2536 rum:
555 2463 997 2544 Tantumornatummundi,
1012 2466 1133 2532 tantam
1147 2464 1341 2535 varietatem
1352 2462 1700 2558 pulchritudinemque
1711 2490 1825 2538 rerum

450 2564 651 2646 coelestium,
670 2584 796 2636 tantam
810 2565 922 2635 vim&
935 2559 1827 2655 magnitudinemMarisatqueterrarum,s1tumacnon

449 2671 603 2739 Deorum
616 2664 848 2734 immortalium
863 2663 1066 2737 domicilium
1083 2681 1197 2753 putes,
1214 2682 1324 2731 nonne
1336 2663 1430 2754 plane
1447 2663 1593 2755 desipere
1608 2666 1751 2736 videare.
1773 2672 1826 2738 Ex

448 2766 658 2840 Asbonomia
671 2784 766 2836 certe
779 2755 922 2835 humma
935 2761 1088 2833 machina
1106 2759 1333 2855 portentosam
1348 2763 1469 2831 molem
1484 2766 1591 2833 animo
1607 2762 1826 2857 comprehen-

446 2870 574 2938 dimus:
597 2865 735 2959 Opificii
748 2864 850 2934 dirirri
862 2863 1056 2957 stupendam
1069 2860 1348 2954 pulchritudinem
1361 2866 1476 2933 rectius
1490 2863 1686 2948 adimamus,
1700 2864 1825 2960 bpien-
1944 2921 1960 2931 ,

448 2973 514 3053 tius
524 2968 734 3048 admiremur,
748 2965 860 3035 nostre
871 2966 988 3035 mentis
1002 2963 1227 3033 incredibilem
1241 2964 1311 3032 uim
1324 2970 1356 3046 dr
1369 2962 1601 3057 perspicaciam
1614 2969 1711 3038 certis
1721 2989 1828 3062 expe,
1909 3049 1910 3052 Ἴ

448 3071 597 3142 umentis
610 3065 875 3148 addiseinmmt
887 3066 944 3156 pio
958 3061 1076 3134 affetlu
1086 3060 1308 3156 agnoscamus.
1355 3066 1464 3147 Plura,
1484 3065 1508 3133 fi
1523 3067 1631 3150 lubet,
1651 3070 1826 3140 inveniun-

449 3172 977 3250 turinwrrninnr.o·rnuamr
997 3162 1635 3258 Atho-Theologia,qunnss.1).10n.
1652 3192 1824 3264 urrann.

450 3281 677 3342 rnuurcru's
690 3270 724 3335 in
735 3267 960 3338 Germanicam
974 3265 1115 3356 linguam
1130 3263 1299 3346 transtulit,
1323 3267 1443 3334 Hamb.
1455 3278 1532 3348 1728.
1548 3280 1576 3340 8.
1601 3271 1659 3337 Vl.
1680 3266 1712 3338 se
1725 3266 1826 3338 offert

450 3366 673 3462 Geogmphia,
683 3366 780 3453 cuius
792 3367 894 3436 dudu
904 3363 1046 3451 Historia
1064 3363 1158 3434 nobis
1172 3364 1285 3434 evadit
1298 3366 1432 3448 clarior,
1450 3363 1495 3434 fic
1507 3368 1594 3434 enim
1607 3367 1830 3458 profectiones

452 3468 720 3549 praeminum,
743 3465 999 3559 Prophetarum,
1018 3463 1275 3557 Apostolorum,
1296 3465 1338 3535 ad
1352 3464 1537 3536 funiculum
1556 3465 1664 3536 divise
1676 3465 1778 3538 sortes
1790 3475 1825 3539 ic
1956 3470 1961 3479 '

451 3570 650 3641 hedltates
662 3565 889 3648 Israiilitartuu,
899 3567 954 3654 τῆς
969 3562 1157 3659 inrapiat,
1170 3564 1242 3634 loca
1256 3568 1358 3646 varia,
1378 3589 1451 3657 quae
1468 3567 1598 3659 populo
1610 3570 1677 3639 Dei
1696 3569 1826 3652 cessere,
1940 3562 1943 3567 ’

451 3669 632 3741 stcundum
644 3666 886 3761 longitudinem·
898 3672 929 3736 δι
942 3664 1146 3734 latitudinem
1162 3663 1298 3756 spectata
1312 3666 1446 3757 intelligi
1458 3687 1596 3757 querunt.
1620 3671 1695 3738 Vll.
1719 3669 1826 3740 Cluu-
1846 3726 1869 3740 Ὦ
1988 3714 1996 3724 .

453 3771 592 3862 nologia,
610 3766 704 3854 cujus
717 3790 786 3860 ope
797 3760 1032 3856 intricatiss'mroe
1046 3764 1273 3833 controverfiae
1289 3765 1504 3848 dirimuntur,
1520 3764 1740 3836 obscurissima
1755 3771 1827 3837 loca

450 3891 524 3942 tum
539 3870 669 3940 Veten's
682 3888 754 3937 tum
767 3870 857 3938 Novi
869 3866 1084 3948 Testamenti,
1105 3865 1147 3934 de
1162 3863 1423 3934 bebdomadibus
1436 3868 1595 3948 Danielis,
1611 3867 1653 3936 de
1666 3866 1752 3935 sestis
1763 3872 1827 3937 im-

452 3968 564 4065 primis
576 3966 745 4049 Paschate,
765 3968 808 4037 de
825 3967 922 4037 variis
936 3967 1126 4056 temporum
1145 3963 1301 4034 mensuris
1317 3973 1382 4036 &o
1404 3968 1627 4057 explanantur.
1650 3971 1739 4038 Vlll.
1761 3972 1827 4038 Ar-
1973 3956 1975 3965 ’

452 4071 632 4142 chimarra
651 4070 773 4150 civilis,
791 4067 883 4154 cujus
901 4065 977 4137 usus
989 4068 1023 4134 in
1035 4069 1068 4136 S.
1083 4065 1189 4153 bibliis
1202 4067 1366 4135 nerninem
1377 4064 1476 4158 sugit.
1531 4070 1576 4138 Ea
1588 4069 1676 4139 enim
1690 4090 1749 4137 nos
1765 4069 1828 4137 do·
1945 4072 1951 4084 '

453 4192 524 4254 cet,
542 4171 712 4262 adequare
730 4169 883 4241 disserere
901 4167 946 4236 de
966 4170 1054 4236 Arca
1074 4164 1195 4255 Nohae,
1222 4166 1266 4240 de
1285 4169 1388 4236 Turri
1407 4167 1521 4247 Babel,
1543 4168 1586 4237 de
1599 4161 1837 4240 Tabernatulo.

454 4274 540 4353 Dei,
560 4271 604 4340 de
618 4270 764 4361 Templo
777 4269 952 4340 Salomonis
964 4288 1065 4359 atque
1079 4265 1273 4347 Ezechielis,
1292 4266 1335 4335 de
1349 4266 1468 4336 Palatio
1482 4267 1679 4353 Salomonis,
1700 4269 1744 4339 de
1752 4277 1835 4340 'coess

453 4374 597 4441 meteriis
616 4370 806 4457 Judaeorum
829 4388 981 4439 veterum
1001 4374 1062 4437 &c
1087 4388 1129 4436 ne
1150 4367 1412 4436 contemtoribus
1433 4367 1527 4434 verbi
1546 4366 1650 4436 divitri
1671 4369 1831 4440 eludendi

454 4472 557 4542 ansam
569 4472 778 4564 praebeamus.
806 4473 887 4539 Hac
901 4466 973 4537 sucu
986 4469 1020 4535 in
1033 4467 1235 4558 compendio
1248 4467 1330 4536 dieta
1343 4466 1388 4537 de
1400 4463 1460 4537 usu
1474 4462 1660 4538 Matbeseos
1673 4462 1832 4541 inThen'

455 4574 554 4665 logia,
581 4594 653 4664 qua
674 4592 757 4640 vero
782 4569 905 4639 summa
920 4591 998 4638 cum
1017 4565 1177 4637 soliditate
1191 4568 1399 4658 explicata&
1415 4561 1610 4658 amplificata
1632 4570 1777 4640 itrverries
1798 4572 1833 4639 in
1975 4615 1984 4631 ι

456 4695 636 4743 tuorna
658 4691 853 4741 anmoins
876 4666 1425 4754 sacraMathefi,Altdorfi1676.4.
1442 4690 1622 4759 sinuat.
1648 4691 1834 4741 nrrnrnr

456 4771 593 4848 Matbefi
612 4768 757 4846 Mosaica
772 4768 839 4844 five
852 4769 931 4844 locis
944 4768 1158 4845 Pentateuchi
1171 4767 1413 4844 Mathematicis
1424 4768 1653 4846 mathematice
1666 4771 1836 4864 explicatis

880 4881 888 4896 ·
1264 4873 1300 4948 D
1322 4895 1341 4944 2
1760 4893 1839 4951 cum

1979 926 2009 966 ι
2121 953 2123 958 .
