4925 5900
783 744 1245 823 CONSTITUTIONE
1269 744 1338 818 ΕΤ
1360 747 1652 822 Divistoiut„
1890 781 1913 846 9

525 904 673 996 denique
687 920 841 994 quartam
855 899 979 970 cladem
1000 895 1204 968 constituunt
1217 896 1283 994 isti,
1305 900 1365 990 qui
1379 895 1511 971 solidam
1526 900 1705 972 Theoriani
1728 922 1805 972 cuni
1817 907 1912 978 Praxi

527 1003 727 1096 conjiuigere
739 1002 928 1082 allaborant,
941 1008 972 1072 ἀ
984 1001 1113 1069 idcirco
1126 1001 1212 1087 inter
1224 1001 1371 1091 optimos
1385 1002 1505 1070 merito
1518 1000 1683 1071 referendi
1696 1001 1781 1072 sunt.
1830 1009 1911 1077 Pro-

526 1106 608 1177 sedo
628 1097 781 1176 felicitati
802 1101 901 1172 nostri
914 1103 1022 1173 Seculi
1043 1099 1089 1170 est
1108 1097 1374 1181 adscribendum,
1398 1103 1492 1193 quod
1513 1122 1567 1171 tot
1586 1100 1911 1194 prestantissimotum

526 1206 840 1289 Mathematicorum
854 1204 1011 1273 elementa
1025 1209 1056 1271 &
1070 1201 1266 1293 compendia
1282 1200 1515 1272 Mathematica
1531 1200 1763 1295 pollideamus,
1777 1230 1820 1276 ex
1834 1215 1910 1301 qui.

530 1308 585 1377 bus
597 1330 664 1375 non
678 1326 811 1375 tantum
825 1301 959 1372 solidam
977 1302 1182 1374 scientiarum
1197 1300 1499 1372 matheniaticatum
1514 1307 1739 1397 cognitionem
1760 1314 1910 1401 acquire-

528 1434 572 1492 re,
584 1406 731 1487 sederes,
747 1428 821 1498 quae
835 1404 1012 1473 commoda
1024 1402 1120 1487 hujus
1135 1404 1208 1471 vite
1223 1423 1442 1495 promovent,
1462 1405 1548 1497 large
1564 1406 1719 1499 colligere
1732 1410 1908 1500 possumus.

528 1508 716 1601 Optandum
730 1527 841 1577 tamen
856 1506 949 1586 esset,
962 1526 1001 1574 ut
1015 1506 1076 1575 Vir
1097 1526 1140 1573 ex
1161 1506 1251 1574 omri
1270 1524 1362 1595 parte
1381 1507 1415 1573 in
1427 1506 1526 1575 rebus
1539 1506 1779 1577 Mathematicis
1799 1515 1909 1603 perse.

528 1614 612 1692 dus,
622 1610 782 1701 Principis
804 1606 974 1692 cujusdam
987 1607 1087 1699 gratia
1099 1603 1285 1675 sublevatus
1300 1604 1432 1694 systema
1444 1606 1615 1700 quoddam
1629 1608 1817 1681 Matheseos
1830 1638 1908 1711 per.
2030 1625 2035 1642 '¹

529 1712 650 1783 fecium
661 1733 738 1781 cum
753 1707 840 1780 orbe
859 1708 1016 1779 litterario
1036 1708 1308 1778 communicaret.
1810 1731 1817 1743 ·

1172 1856 1193 1951 s
1245 1883 1272 1942 5·

639 1970 844 2090 Expositis
867 1970 946 2083 jani
965 1970 1196 2061 Mathescos
1219 1969 1502 2074 divisionibus,
1532 1971 1766 2064 declaranda
1788 1978 1911 2072 essent

535 2090 614 2202 ejus
628 2090 828 2206 principia
838 2112 948 2178 <certa
964 2115 1083 2205 atque
1099 2089 1317 2188 evidentia,
1333 2119 1511 2204 quorum
1526 2093 1652 2207 gratia
1665 2121 1746 2206 prae
1760 2100 1912 2186 cacteris
1941 2090 1945 2095 ’
1969 2196 1972 2200 ,

533 2205 745 2323 disciplinis
761 2204 950 2291 humanis
959 2203 1028 2292 ista
1043 2205 1167 2321 digna
1182 2204 1239 2303 sit,
1248 2235 1335 2319 quae
1350 2203 1519 2292 scientie
1535 2209 1702 2294 nomine
1716 2214 1911 2323 gaudeatt

533 2321 595 2411 scd
611 2353 658 2410 ea
674 2346 844 2437 propter
857 2322 1131 2435 prolixitatem
1155 2319 1311 2407 filentio
1326 2321 1525 2434 ptaetetite
1547 2321 1715 2410 instituti
1732 2327 1834 2415 tatio
1851 2357 1913 2416 re·

531 2442 661 2556 quirit.
718 2438 819 2524 Hoc
841 2438 938 2523 loco
964 2434 1130 2524 sufficiat
1152 2434 1247 2523 istos
1270 2436 1492 2538 annotasse,
1519 2439 1588 2550 qui
1608 2439 1913 2548 Mathematicu-

531 2586 622 2645 tum
640 2551 935 2667 disciplinatum
953 2550 1067 2638 usum
1092 2576 1211 2666 atquc
1237 2550 1505 2637 ncccffitatem
1527 2552 1634 2661 justis
1649 2555 1832 2645 laudibus
1847 2590 1913 2646 cx·

529 2671 673 2761 tollere
689 2665 879 2757 sudarunt
899 2668 963 2773 h),
993 2668 1115 2783 &qui
1132 2683 1222 2753 cain
1236 2665 1286 2753 ad
1302 2667 1555 2783 quisquilinia
1572 2668 1823 2777 eruditionis
1838 2676 1914 2765 im·

529 2818 605 2892 mo
624 2786 739 2902 quod
756 2785 883 2899 inagis
901 2780 1075 2890 nefanda
1091 2781 1253 2895 rejicere
1267 2782 1375 2869 haud
1392 2781 1641 2872 erubuerunt
1668 2786 1720 2896 i).

631 2909 668 2995 li)
692 2906 843 2976 Prolixus
863 2903 1012 2997 profetlo
1029 2902 1061 2973 se
1081 2904 1195 2996 pandit
1213 2926 1362 2996 campus,
1378 2927 1455 2973 cuin
1470 2927 1587 2974 eorum
1600 2928 1771 2990 numerus,
1792 2906 1913 3000 quibus

531 3007 720 3083 Matheseos
736 3007 845 3076 abdita
861 3004 1059 3098 cognoscere
1074 3006 1161 3081 &tle
1173 3003 1242 3090 ejus
1256 3008 1395 3086 veritate
1408 3026 1508 3098 atque
1522 3005 1581 3075 usu
1593 3010 1747 3077 convinci
1762 3013 1913 3103 contigit,

533 3110 635 3195 niajor
649 3107 705 3189 sit,
720 3131 819 3198 quam
844 3107 938 3174 nobis
951 3105 1087 3174 instituti
1109 3108 1191 3174 ratio
1213 3106 1252 3174 ad
1270 3108 1387 3175 eoru'm
1402 3106 1624 3191 recensionem
1639 3112 1818 3198 permittit,
1833 3135 1913 3202 pro-

538 3211 665 3280 ferendi
680 3230 806 3277 tantum
821 3209 977 3299 precipui
991 3209 1023 3274 in
1038 3207 1184 3275 medium
1197 3206 1291 3274 nobis
1303 3228 1417 3288 eritnt,
1431 3210 1748 3299 quamplurimorum
1763 3212 1850 3278 enim
1863 3214 1914 3279 iii-

534 3313 594 3395 sra,
609 3312 669 3381 ubi
684 3309 727 3378 de
740 3305 928 3379 Matheseos
942 3306 1006 3393 'usu
1019 3310 1051 3375 in
1067 3305 1194 3399 lingulis
1210 3307 1404 3377 eruditionis
1417 3309 1562 3401 partibus
1576 3306 1682 3377 sumus
1697 3311 1807 3392 aduri,
1821 3335 1913 3380 men·

535 3416 586 3484 tio
600 3415 661 3482 erit
672 3410 832 3480 facienda.
882 3412 962 3505 Quo
974 3429 1082 3479 autern
1098 3409 1200 3477 statim
1214 3431 1232 3477 a
1245 3410 1500 3489 recentioribus,
1513 3409 1679 3479 veteribus
1692 3409 1915 3504 pretermisit,
1959 3430 1961 3433 ’
2007 3406 2022 3437 ⁴

535 3536 681 3607 quorum
694 3512 798 3604 elogia
812 3507 951 3581 Mathefi
965 3509 1069 3578 dicata
1081 3508 1139 3578 suo
1155 3509 1230 3586 loco
1245 3529 1343 3577 erunt
1357 3511 1588 3601 producenda,
1609 3511 1914 3605 ordiamu13priino

537 3618 614 3685 loco
626 3612 672 3683 ell
686 3610 900 3681 nominandus
914 3633 1078 3679 nauticus
1093 3633 1136 3678 nu
1151 3632 1433 3691 montaureus,
1454 3614 1512 3702 qui
1526 3635 1577 3680 an.
1598 3637 1682 3696 1574.
1703 3613 1821 3683 Parisiis
1841 3636 1913 3684 ora-

534 3720 662 3787 tionem
675 3735 739 3805 pto
753 3703 1137 3788 MathematicisArtibus
1150 3710 1278 3790 habuit,
1294 3712 1347 3778 cui
1361 3734 1457 3781 attat
1473 3735 1632 3782 oasseuni
1647 3716 1763 3784 Oratio
1777 3717 1809 3782 in
1822 3717 1916 3806 regio

534 3812 698 3894 Parisicnsi
712 3813 853 3905 collegio
860 3836 910 3883 an.
916 3819 1004 3897 1645.
1013 3811 1044 3879 d.
1057 3835 1098 3898 23.
1108 3812 1292 3880 Novembr.
1306 3810 1414 3880 habita
1426 3811 1557 3904 adjungi
1572 3812 1695 3904 potest,
1709 3816 1743 3882 in
1755 3838 1819 3906 qua
1831 3813 1917 3885 istud

532 3917 694 3998 Platonis,
715 3918 907 4010 γεωμετρεῖν
921 3915 973 3997 rii
993 3909 1086 3993 Θεδν,
1109 3915 1274 3981 Exercere
1288 3913 1510 3983 Geometriam
1517 3917 1648 3996 DEum,
1660 3917 1795 3985 ulterius
1810 3938 1916 4008 expos

534 4022 603 4090 nit:
622 4014 732 4106 *eistat
745 4037 828 4083 vero
843 4037 879 4082 ea
894 4015 926 4081 in
940 4011 1008 4098 ejus
1016 4012 1221 4082 Institutione
1230 4011 1457 4084 Astronomica
1471 4037 1544 4106 pag.
1558 4021 1629 4101 164.
1643 4015 1716 4085 Post
1730 4040 1787 4086 eos
1800 4037 1916 4088 notan·

534 4123 568 4191 di
588 4117 668 4188 sunt
687 4111 902 4187 mutunus-iii
914 4115 1067 4185 Tradatu
1088 4115 1131 4183 ile
1152 4118 1275 4183 Natura
1298 4120 1328 4184 ἃ
1352 4114 1585 4187 constitutione
1600 4115 1785 4188 Matheseos
1804 4142 1876 4210 cap.
1892 4120 1918 4188 l.

534 4241 763 4293 ministramus
777 4238 983 4295 riioimsius,
1004 4238 1104 4306 quem
1125 4238 1196 4306 cap.
1216 4218 1272 4284 Xl.
1292 4216 1324 4307 ᾗ.
1344 4240 1389 4284 io.
1405 4219 1437 4285 in
1451 4217 1593 4286 Cautelis
1615 4220 1701 4289 circa
1719 4221 1920 4312 Precogtiita
2051 4245 2053 4248 ·

536 4317 811 4415 jurisprudentic
830 4315 1044 4387 consessorem
1064 4317 1206 4384 veritatis
1230 4314 1527 4407 deprehendimus,
1550 4319 1627 4387 licet
1646 4319 1765 4388 eodem
1785 4323 1819 4389 in
1840 4321 1920 4392 loca
1986 4357 1989 4363 ·

535 4441 807 4513 omiiemlmovet
819 4415 1214 4509 lapidem‚qquathefin
1229 4419 1377 4486 omnium
1390 4421 1575 4487 contemtui
1589 4441 1751 4512 exponam
1774 4424 1817 4490 ita
1831 4422 1920 4491 enim

533 4526 577 4594 dc
591 4518 787 4594 Matheseoa
801 4519 895 4589 uude
913 4516 1039 4588 scribit:
1062 4529 1083 4561 ‘⁴
1098 4517 1197 4589 Tolle
1205 4517 1507 4601 Academias‚·tolle
1521 4521 1731 4609 Adyocatos‚
1747 4524 1816 4612 (uti
1831 4530 1923 4592 nec‘i

531 4628 591 4696 illc
609 4647 673 4696 nec
688 4621 726 4693 hi
740 4620 784 4692 ad
802 4619 963 4690 essentiam
976 4620 1177 4712 Reipublicae
1196 4620 1384 4710 pertinent)
1406 4621 1473 4689 imo
1494 4619 1574 4690 tolle
1595 4622 1680 4714 leges
1694 4625 1924 4716 peregrinas,“
1954 4658 1973 4676 x
2106 4689 2111 4699 ,

533 4725 710 4813 obscuras,
741 4724 831 4819 leges
847 4719 1008 4832 scriptas,
1036 4721 1089 4794 sac
1109 4716 1378 4892 Jutcconsulppm
1399 4720 1486 4793 bello
1506 4718 1645 4807 ejectum
1654 4725 1720 4815 «uel
1739 4749 1757 4796 a
1778 4725 1925 4795 Turcis“

1195 4876 1205 4891 .
1287 4898 1294 4905 ,
1395 4911 1401 4920 ¹
1793 4843 1927 4916 captum
