4925 5900
492 801 548 866 ttt
657 855 661 862 ,
901 780 1056 852 LIBER
1079 781 1147 851 lv.
1198 777 1380 850 CAPUT
1413 781 1455 850 V.

494 938 578 1016 luit,
599 939 632 1006 δι
645 933 693 1002 bis
707 929 886 1023 disputavit
900 931 940 999 Α.
955 933 1037 1010 1665.
1050 929 1093 997 de
1107 926 1370 998 conditionibus.
1421 921 1618 1016 consignare
1634 926 1733 996 etiarn
1745 927 1865 1020 inceplt

501 1034 729 1105 uadatumtle
750 1029 960 1120 scriptoribus
978 1026 1277 1118 Lipbanizantibus,
1303 1025 1358 1094 seu
1370 1026 1570 1094 Laconicum
1591 1023 1692 1115 Lipsri
1713 1023 1863 1096 scribendi

503 1157 605 1226 genus
619 1133 832 1208 imitantibus,
862 1151 961 1216 quem
979 1147 1087 1194 tamen
1100 1128 1166 1193 aliis
1181 1127 1321 1215 negotiis
1336 1123 1497 1190 dislraiius
1516 1146 1584 1190 uon
1606 1123 1759 1214 perfecit.
1806 1133 1864 1196 Aa.

503 1239 593 1304 1⁶66.
611 1234 644 1298 in
662 1231 841 1301 Doslorenr
857 1227 1047 1316 promoveri
1062 1226 1205 1302 curauit,
1229 1221 1283 1290 sed
1299 1221 1391 1290 illum
1409 1223 1539 1290 titulum
1556 1223 1602 1288 ob
1626 1221 1731 1292 causas
1751 1247 1865 1292 arcanas

503 1335 678 1421 impetrare
689 1349 755 1394 non
769 1326 890 1417 potuit.
937 1327 1045 1418 Quam
1059 1323 1103 1389 ob
1120 1319 1243 1394 caulam
1257 1322 1467 1390 Academiam
1484 1319 1682 1390 Altorlinam
1691 1325 1798 1412 petiit,
1812 1324 1866 1390 ibr-

504 1431 649 1518 demque
662 1429 804 1493 matimo
818 1445 894 1490 cum
907 1419 1061 1514 applausu
1068 1423 1195 1492 Doaor
1207 1422 1292 1506 Juris
1303 1439 1430 1488 creatus
1452 1419 1532 1498 fuit;
1558 1419 1732 1512 postquam
1754 1421 1795 1492 de
1812 1427 1865 1492 Ca-

505 1527 589 1598 fibus
602 1525 767 1616 perplexis
779 1523 813 1590 in
827 1525 907 1608 Jure
918 1519 1053 1612 publice
1068 1517 1260 1610 disputasset.
1309 1513 1463 1586 Prosellio
1482 1519 1738 1588 extraordinaria
1759 1523 1787 1590 ei
1810 1523 1866 1588 ibi-

504 1627 583 1696 dem
596 1622 701 1694 oblata
709 1621 795 1702 fuit,
818 1643 917 1712 quarn
934 1641 1014 1688 vero
1031 1615 1199 1687 recusavit.
1274 1615 1349 1701 Ejus
1372 1615 1606 1684 dissertationes
1626 1620 1778 1704 Jurirsrea
1795 1643 1867 1688 eou-

504 1723 639 1810 iundim
650 1723 725 1789 dein
739 1717 856 1788 recusa·
871 1715 1015 1786 fuerunt.
1062 1717 1253 1808 'Noribergae
1267 1713 1379 1806 ¹possea
1395 1715 1532 1806 adeptus
1546 1715 1611 1784 fuit
1626 1719 1658 1783 in
1670 1719 1864 1810 quadamSo·

504 1825 623 1892 ciemte
637 1815 880 1910 operationibus
893 1815 1048 1901 chymicis
1062 1817 1189 1883 seeretis
1205 1812 1267 1880 sub
1290 1814 1465 1882 direslione
1479 1815 1597 1882 Clerici
1613 1815 1782 1898 cujusdam
1795 1819 1865 1910 lapi·

504 1923 556 2002 dis
569 1915 788 2008 Philosophici
803 1937 883 2006 ergo
898 1935 1043 1984 vacante.
1093 1915 1227 1980 Accidit
1239 1933 1365 1991 autem,
1391 1933 1428 1980 ut
1441 1911 1610 2002 supremus
1627 1917 1782 1984 Eleum-is
1797 1919 1866 1986 blo-

505 2016 637 2114 guntiui
651 2015 746 2086 status
760 2009 1108 2092 Ministerjoartnrs
1125 2033 1402 2108 cnarsrranus
1416 2013 1494 2080 L.ll.
1510 2035 1526 2078 a
1542 2035 1785 2086 norrsrauao
1801 2019 1866 2084 No-

506 2118 644 2206 ribergae
657 2135 733 2180 cum
743 2109 854 2178 nostro
867 2132 989 2180 teron
1000 2133 1087 2180 raro
1098 2109 1270 2202 prandium
1287 2129 1435 2200 caperet,
1460 2131 1523 2200 qua
1538 2109 1711 2182 occafione
1730 2113 1868 2206 pressan-

503 2209 635 2285 tislrmas
649 2211 767 2302 ingenii
782 2209 876 2280 dotes
889 2231 988 2298 atque
1002 2211 1033 2275 ia
1045 2209 1146 2276 literis
1156 2206 1323 2298 ⁴profeslus
1334 2213 1514 2300 ¹cognovit,
1533 2211 1564 2277 ei
1579 2211 1740 2300 pronrifit,
1758 2213 1869 2282 setlle·

506 2315 654 2392 elutum,
676 2308 876 2402 oriundam
891 2309 1034 2378 Screnisl.
1050 2308 1203 2374 Eledoris
1218 2329 1337 2386 roan.
1354 2329 1540 2376 auretam
1559 2331 1576 2376 a
1593 2329 1868 2386 senornaoart

507 2431 696 2482 vocaretur.
739 2411 793 2480 Eo
807 2404 873 2476 sine
888 2405 1069 2496 Noriberga
1084 2405 1332 2474 francofurtum
1349 2405 1390 2474 ad
1405 2407 1557 2474 Moenum
1570 2407 1671 2489 abiit,
1697 2413 1867 2504 &propriis

505 2513 653 2602 primum
667 2505 823 2576 sumtibus
836 2504 882 2572 ibi
896 2504 988 2572 vixit.
1038 2505 1251 2594 Ubiquoque
1258 2505 1355 2594 prelo
1365 2501 1524 2572 commisit
1536 2509 1713 2594 specimen
1728 2515 1866 2579 Demon-

504 2601 694 2694 strationum
707 2603 911 2694 politicarum
922 2623 987 2694 pro
1001 2603 1151 2690 eligendo
1165 2605 1257 2692 Rege
1273 2604 1491 2682 Polonorum,
1522 2625 1616 2670 novo
1637 2603 1796 2680 scribendi
1813 2631 1864 2702 ge·

505 2727 588 2778 uere
600 2705 642 2774 ad
657 2703 769 2772 clarum
787 2697 1016 2772 certitudinem
1028 2703 1191 2780 emiliam,
1204 2699 1453 2791 Francos1669.
1503 2699 1624 2770 Ansam
1637 2703 1704 2772 ltoc
1716 2705 1865 2776 scribenda

509 2802 619 2884 dedit,
640 2823 719 2871 cum
731 2805 874 2874 A.1668.
889 2821 1081 2878 Joaunas
1101 2819 1347 2879 elstannus,
1369 2803 1443 2866 Rex
1457 2800 1671 2883 Polonorum,
1687 2800 1865 2876 soliumlle-

504 2905 598 2997 ginm
613 2897 804 2995 reliquisset,
823 2895 1319 2970 &ilbrstrisaonrnnuaorus
1336 2895 1475 2967 incausa
1490 2921 1676 2974 aarum
1698 2927 1866 2979 wrtnrt·

506 3024 556 3072 nt
575 2988 711 3069 Coniitis
725 2995 869 3077 Palatini,
892 2997 948 3085 qni
961 2996 1000 3063 ael
1016 3020 1151 3087 reguum
1164 2993 1360 3087 idl'pirabat,
1373 2998 1405 3063 in
1419 2998 1584 3067 Polouiam
1601 3000 1864 3091 proficisceretur.

506 3104 546 3169 ln
565 3098 632 3165 hoc
645 3092 803 3185 opusculo
819 3096 917 3185 igitur
932 3092 1090 3175 eslemlit,
1111 3116 1306 3166 arrrtrrao
1329 3116 1554 3165 rrrtrtttaro
1571 3101 1861 3197 melioremllegem

505 3192 721 3285 allepublica
735 3192 810 3283 eligi
825 3184 1018 3283 trun'puslm
1042 3198 1120 3286 Quo
1140 3194 1234 3260 etiam
1255 3197 1299 3263 ita
1312 3192 1343 3263 l'e
1362 3194 1623 3277 commendavit,
1647 3220 1687 3267 ut
1699 3202 1860 3271 Consiliarii

506 3316 625 3365 munus
637 3291 745 3361 inausa
762 3289 956 3381 lllag'untina
967 3289 1028 3381 ipsi
1044 3288 1187 3359 oblatum
1200 3292 1311 3359 l'uerit.
1365 3296 1467 3361 Hisce
1480 3296 1553 3361 alis
1568 3300 1655 3367 varia
1665 3322 1763 3391 opera
1772 3322 1860 3393 atque

506 3393 634 3485 libellos
648 3388 1779 3480 jurirlicosatquemathematicosexaravit,quossuolacoadducamus.
1802 3404 1860 3471 bli-

505 3492 590 3563 serat
603 3510 841 3559 uortsnuuno
852 3514 860 3553 r
872 3512 913 3553 us
926 3486 1028 3555 silium
1047 3488 1136 3555 suurn
1152 3490 1314 3557 Lutetiam
1331 3488 1518 3557 Parisiorum
1536 3490 1718 3563 studiorum
1732 3506 1760 3567 δι
1776 3522 1856 3569 extr·

507 3592 664 3661 citiorum
674 3588 825 3677 corporis
839 3588 951 3677 gratia.
1001 3590 1110 3679 Quare
1132 3610 1207 3653 eum
1228 3589 1355 3679 negotia
1377 3586 1520 3677 quedam
1542 3590 1574 3655 in
1592 3594 1677 3661 Aula
1692 3600 1790 3689 Regia
1809 3596 1855 3689 ipsi

508 3684 718 3777 expedienda
730 3684 934 3765 acciderent,
957 3707 1028 3773 que
1050 3686 1117 3751 lilio
1140 3688 1344 3753 committere
1358 3710 1423 3753 non
1439 3706 1585 3777 poterit,
1607 3690 1702 3763 lacile
1720 3694 1858 3785 perl'uafir

505 3806 750 3864 neruntrro,
773 3802 809 3851 ut
822 3778 928 3851 iterio
943 3781 1073 3851 Galliam
1094 3782 1292 3875 susciperet,
1316 3782 1474 3875 smulque
1501 3784 1558 3853 srlii
1578 3786 1624 3855 sui
1640 3814 1748 3861 mores
1761 3794 1857 3865 obser·

507 3904 616 3965 naret,
637 3880 811 3979 prasertim
824 3905 901 3951 cum
914 3882 1060 3949 virorum
1075 3880 1361 3950 erurlitisfimorum
1377 3886 1409 3949 in
1429 3882 1510 3951 urbe
1530 3905 1611 3955 tunc
1632 3896 1790 3982 temporis
1809 3896 1856 3963 tle

505 3986 653 4077 gentium
666 3980 1314 4071 'celebritatemperpenderrsperspiceret,
1328 4002 1483 4071 quantum
1494 4004 1535 4049 ex
1546 4006 1663 4055 eorum
1672 3996 1856 4063 commertio

509 4084 651 4153 utilitatis
662 4082 695 4147 in
711 4078 743 4173 se
755 4078 793 4147 sit
807 4078 1075 4148 redundaturum.
1107 4088 1110 4093 '
1124 4082 1198 4147 Nec
1212 4076 1302 4170 spem
1316 4078 1427 4150 fefellit
1440 4090 1595 4151 everam:
1623 4094 1784 4159 eratenim
1796 4090 1856 4161 fere

505 4180 624 4269 lt'ol'pes
637 4182 670 4245 in
682 4178 787 4247 altiori
800 4178 1002 4257 Geometria,
1028 4200 1104 4243 cum
1119 4178 1195 4245 illuc
1211 4180 1355 4257 reniret,
1380 4176 1433 4245 sed
1451 4200 1525 4246 cum
1543 4202 1626 4251 nuo
1637 4206 1690 4253 tn·
1704 4210 1733 4257 tt
1754 4192 1854 4283 impri-

504 4284 567 4367 nris
578 4274 816 4345 consuetudine
829 4274 1009 4354 frueretur,
1031 4272 1193 4367 ipsiusque
1207 4278 1393 4344 Tradatum
1408 4276 1607 4369 ingeniosum
1621 4282 1664 4351 de
1680 4289 1853 4381 llorologio

506 4378 715 4457 utiilatorio,
739 4396 928 4443 nascaris
946 4372 1051 4440 literas
1073 4394 1177 4465 atque
1196 4396 1397 4443 aarooau
1420 4400 1437 4443 a
1460 4381 1754 4471 &nvrrrctnrro
1780 4408 1852 4477 opat

502 4476 624 4570 insigne
639 4474 681 4542 ale
697 4474 890 4567 rprariratura
907 4472 1017 4538 circuli
1032 4478 1061 4539 bc
1074 4470 1265 4539 setlionibus
1280 4474 1401 4539 conicis
1416 4494 1537 4543 attenta
1555 4500 1666 4551 mente
1676 4490 1706 4551 ἃ·
1716 4482 1799 4555 litera
1810 4484 1851 4553 lb-

502 4582 593 4645 lerna
610 4576 807 4665 perlegeret,
826 4574 933 4639 lubitu
946 4569 1002 4665 ips
1019 4594 1084 4637 nrn
1098 4570 1162 4637 fine
1177 4573 1321 4637 omnium
1336 4572 1545 4643 admiratione
1558 4576 1674 4649 aslirlfit
1685 4582 1850 4663 {nauem

502 4676 595 4755 etii-r,
629 4675 686 4761 qui
708 4676 739 4739 m
760 4672 830 4739 lmc
849 4670 1028 4771 rlanierurn
1045 4690 1163 4765 benere
1187 4666 1406 4763 perspicacior
1428 4686 1655 4747 triturato
1683 4669 1850 4755 baberetur.

1775 4784 1848 4851 Cun-
