4925 5900
590 813 595 826 .
660 761 1655 882 rn-rsrrrrnocrnrnnoccurrentum·
1767 795 1828 862 419

845 985 854 1010 ..
912 905 994 1016 De
1018 907 1185 1046 Eclipsi
1211 907 1342 1013 Solis.
1391 903 1396 914 ’

508 1095 634 1191 Roprie
649 1092 695 1165 est
707 1093 794 1163 nulla
808 1084 1026 1177 soiiteclipsrs,
1042 1104 1153 1176 neque
1166 1084 1254 1152 enim
1267 1104 1413 1174 unquam
1421 1081 1492 1152 solis
1500 1086 1608 1156 lumen
1622 1086 1823 1174 obscuratur,

450 1103 508 1274 p
534 1196 589 1269 sed
604 1195 706 1265 modo
722 1191 815 1260 nobis
828 1185 1023 1257 occultetur.
1073 1183 1112 1253 ld
1130 1205 1214 1252 vero
1231 1183 1368 1264 accidit,
1389 1185 1521 1273 quando
1538 1187 1571 1252 in
1585 1188 1679 1256 nodis
1693 1189 1820 1280 eclipti-

449 1301 493 1369 εἰς
508 1299 583 1368 lum
596 1289 911 1387 perpendiculariter
930 1281 1011 1352 infru
1029 1280 1128 1351 solem
1148 1280 1305 1351 versatur.
1374 1283 1459 1350 Cum
1474 1286 1561 1353 enim
1574 1285 1647 1356 luna
1665 1286 1747 1356 infn
1760 1310 1820 1358 nor

448 1397 559 1478 fimus,
582 1397 633 1464 illa
647 1393 751 1461 oculis
765 1385 879 1457 nostris
891 1385 1000 1452 lumen
1020 1379 1094 1449 solis
1108 1383 1256 1450 occultat
1269 1389 1300 1451 or
1317 1378 1482 1453 subducit.
1532 1387 1692 1455 ceterum
1704 1387 1820 1458 Astro-

388 1525 392 1534 .
447 1499 553 1578 nomi,
567 1515 690 1583 corpus
704 1492 785 1558 lune
804 1484 979 1556 duodecim
999 1481 1106 1571 digitis
1131 1479 1366 1560 mensurantes,
1386 1481 1552 1549 interdum
1568 1487 1631 1551 toti
1647 1475 1730 1554 iiiiu's
1744 1509 1819 1555 cor·

446 1599 538 1690 pori,
561 1592 728 1661 interdum
741 1583 947 1678 paucioribus
962 1581 1070 1671 digitis
1086 1580 1191 1647 radios
1205 1578 1279 1647 solis
1295 1581 1446 1669 intercipi
1463 1579 1645 1651 observant.
1672 1588 1815 1680 Quando

446 1698 530 1766 mim
547 1715 611 1784 per
634 1688 829 1779 superiorem
844 1680 988 1771 aspidem
1002 1677 1069 1746 sive
1090 1698 1216 1768 partem
1238 1679 1351 1746 circuli
1371 1676 1419 1744 sui
1442 1679 1508 1746 Soli
1532 1685 1726 1772 propiorem
1741 1685 1816 1754 lune

446 1793 570 1871 fmus,
590 1790 706 1879 exigna
719 1804 808 1875 parte
822 1803 899 1851 eum
913 1778 1110 1845 obumbrare
1120 1776 1269 1856 videtur,
1284 1798 1361 1843 curn
1377 1796 1486 1845 autem
1500 1779 1689 1849 inferiorem
1698 1781 1817 1867 transit,

446 1892 609 1985 siquidem
626 1907 703 1957 tunc
715 1884 854 1953 maxima
869 1875 982 1948 nostris
997 1877 1100 1945 oculis
1113 1895 1247 1966 apparet
1262 1877 1335 1944 luna
1344 1924 1354 1957 ‚
1378 1893 1489 1945 totum
1504 1878 1642 1948 obstruit
1654 1879 1766 1954 solem.

861 2113 863 2118 ’
917 2105 997 2208 De
1024 2101 1187 2239 Eclipsr
1211 2101 1365 2205 Lunae.

527 2289 625 2360 Efioit
637 2286 730 2361 luna,
751 2276 885 2371 quando
905 2277 938 2343 in
958 2277 1106 2343 umbram
1127 2295 1219 2343 terre
1234 2276 1359 2344 incidit.
1409 2276 1514 2345 Terra
1533 2279 1620 2346 enim
1634 2301 1652 2347 n
1664 2277 1731 2348 soie
1743 2281 1816 2352 iiiu-

549 2391 663 2459 minam
680 2380 829 2452 umbram
849 2374 926 2444 fecit
945 2395 1012 2441 non
1034 2372 1332 2460 cylindrisormem,
1363 2372 1429 2442 five
1446 2377 1549 2465 qualis
1567 2377 1613 2445 est
1632 2375 1734 2470 figura
1755 2377 1815 2449 coss

449 2497 581 2570 sumne,
604 2485 659 2556 sed
673 2503 744 2573 que
757 2497 879 2547 conum
891 2471 1003 2541 refert.
1053 2476 1165 2541 Conus
1178 2494 1281 2562 porro
1295 2471 1361 2541 srve
1382 2473 1514 2541 trochus
1527 2496 1569 2542 ex
1585 2476 1689 2544 latiori
1705 2476 1765 2544 basi
1780 2481 1814 2546 in

448 2611 583 2664 acutum
597 2582 727 2674 desinit,
747 2577 885 2666 nlisque
899 2592 991 2641 terre
1003 2570 1115 2640 umbra
1132 2570 1188 2640 est.
1244 2573 1330 2638 Nam
1343 2572 1475 2662 quondo
1490 2573 1529 2638 ab
1547 2574 1674 2664 «ἰωῆς
1693 2579 1816 2666 magni,

448 2691 573 2762 tudinis
587 2701 731 2772 corpore
742 2676 878 2745 alterum
891 2672 1105 2751 illuminatur,
1119 2670 1231 2737 umbra
1241 2669 1356 2758 prodit
1368 2670 1556 2754 cylindrica,
1571 2695 1608 2739 nc
1622 2671 1644 2739 si
1661 2672 1815 2757 majore,

451 2784 654 2862 coniformis.
702 2781 771 2864 Jnm
797 2771 900 2856 major
921 2772 1038 2860 utique
1060 2767 1106 2836 est
1127 2767 1173 2835 sol
1189 2767 1321 2846 tellure,
1342 2768 1440 2858 igitur
1458 2769 1541 2836 dum
1565 2793 1634 2838 eam
1649 2771 1816 2856 illuminer,

451 2891 599 2961 conicarn
613 2878 761 2951 umbram
775 2869 887 2940 efficit.
937 2867 1078 2965 Quondo
1093 2868 1194 2959 igitur
1207 2869 1241 2932 in
1253 2885 1344 2932 terre
1358 2866 1505 2934 umbram
1520 2869 1637 2938 incidit
1649 2869 1740 2952 iuna,
1750 2873 1815 2940 nb.

451 2990 541 3060 scura
553 2984 593 3056 iit
606 3002 643 3051 ac
657 2976 762 3047 veluti
775 2970 942 3040 deficiens.
991 2970 1033 3037 Et
1045 2966 1179 3056 quando
1193 2967 1225 3031 in
1245 2965 1388 3033 radicem
1405 2963 1472 3033 sive
1492 2967 1680 3037 inferiorem
1691 2971 1815 3043 umba

451 3088 566 3158 incidit
588 3099 731 3173 purtem,
752 3070 866 3142 deficit
887 3087 978 3135 tota:
1019 3068 1066 3134 At
1086 3064 1218 3154 quando
1241 3065 1273 3131 in
1293 3083 1418 3154 partem
1433 3061 1629 3154 supremam,
1654 3086 1734 3137 tunc
1748 3093 1815 3138 no„

452 3208 523 3257 tota
537 3181 747 3257 obscuratur,
770 3165 1038 3262 quandoquidem
1059 3165 1092 3231 in
1112 3160 1292 3232 conisorma
1312 3162 1425 3232 umbra
1439 3161 1514 3233 bnfis
1529 3166 1639 3249 latior,
1656 3166 1815 3261 fastigium

454 3283 615 3379 angustius
629 3275 830 3361 breviusque
845 3264 913 3334 est..

863 3387 998 3493 Num
1025 3386 1105 3490 Sol
1132 3385 1187 3488 sit
1209 3385 1416 3500 calidus?

406 3548 424 3565 ⁵
456 3579 601 3751 PLato
614 3575 674 3667 qui
687 3589 786 3639 omne
800 3562 930 3635 coeleste
944 3585 1064 3654 corpus
1077 3585 1119 3632 ex
1128 3565 1217 3656 igne,
1233 3583 1317 3631 terre
1331 3570 1363 3633 br
1376 3562 1506 3633 duobus
1519 3572 1639 3637 ceteris
1652 3536 1819 3653 elementis

542 3673 730 3765 componit,
750 3667 870 3735 merito
889 3661 990 3732 solem
1014 3663 1152 3733 calidum
1170 3660 1388 3730 affirmaverit.
1445 3667 1494 3733 At
1517 3666 1707 3738 Aristoteles
1731 3673 1818 3741 aliud

457 3776 643 3874 preter—iiie
656 3772 815 3840 elementa
834 3785 956 3854 corpus
984 3762 1071 3830 coelo
1097 3761 1259 3841 tribuens,
1282 3783 1343 3828 nec
1359 3762 1499 3831 calidum
1516 3764 1595 3845 esse,
1609 3788 1670 3834 nec
1685 3769 1742 3837 alia
1763 3772 1818 3839 tasi

456 3880 611 3973 qualitate
632 3869 809 3962 preditum
822 3860 972 3935 ¹affirmat.
1022 3860 1126 3955 Quod
1147 3859 1169 3927 sr
1188 3860 1309 3929 dixerit
1327 3861 1454 3952 aliquis,
1469 3864 1642 3951 quomodo
1656 3866 1773 3957 igitur,
1795 3866 1820 3935 fi

456 3978 578 4049 ulidus
591 3967 733 4047 nonest,
747 3962 914 4034 calefacit?
939 3957 1146 4049 Respondet,
1160 3958 1252 4049 quod
1266 3959 1344 4026 dum
1353 3960 1575 4042 movetursoi,
1588 3952 1822 4039 excitatissi-

456 4071 657 4243 'ifflii
673 4060 1487 4233 ifigiiiii?‘'iiiii-‘mqiiiiiiiiiisi‘
1631 4066 1822 4233 “qi-ms

335 4344 337 4351 ,
457 4198 583 4369 ῧξῃηιίς
599 4187 757 4345 ιιιίῐ),ιοίῑ,ιδρι
780 4207 925 4329 naturam
934 4186 1012 4340 vcjtis
1035 4182 1211 4345 espilibavit
1231 4252 1433 4336 Aristoteles,
1458 4181 1824 4350 ibbbiiigcrciiriiiinilim:

459 4392 600 4463 vapores
614 4382 755 4434 exterra
771 4357 973 4449 prodeuntes
994 4354 1114 4423 orlidos
1134 4350 1302 4444 sccosque
1314 4376 1352 4420 ac
1367 4356 1468 4423 veluti
1484 4356 1688 4448 fuliginosos,
1709 4365 1766 4451 qui
1780 4356 1823 4432 a'd

456 4474 567 4543 lurum
585 4484 692 4555 usque
704 4478 842 4551 propter
856 4456 1021 4523 levitatem
1031 4452 1116 4521 suam
1131 4451 1413 4542 feruntur,·atqu'e
1427 4457 1511 4522 mori
1523 4461 1554 4524 δι
1566 4459 1677 4549 agitati
1685 4458 1826 4550 exparte

457 4568 721 4639 succenduntur,
736 4564 766 4625 ὁ(
780 4558 861 4646 ignis
877 4552 1141 4643 instarappn'renr
1154 4560 1193 4618 ac
1212 4548 1382 4633 subjecitm
1402 4548 1602 4624 substantiam
1625 4557 1829 4630 carendum.
1854 4549 1860 4573 ²

457 4669 564 4765 Quod
580 4683 662 4733 vero
676 4676 785 4727 motus
799 4654 938 4721 calorem
946 4672 1098 4742 generet,
1111 4649 1295 4717 docentvel
1307 4646 1657 4748 sagittarumcuspides,
1669 4654 1829 4749 siquidem

450 4785 571 4840 motus
580 4761 745 4837 celeritate
758 4751 998 4845 plumbumuus
1010 4746 1198 4841 inpofinm
1212 4746 1352 4839 liquefit.

729 4882 734 4891 ·
1237 4850 1367 4942 (ἔθει
1727 4856 1839 4950 Quau
