4925 5900
648 823 706 911 ,rt
921 821 938 880 .·
1076 823 1267 894 nwrnnrr
1320 823 1627 896 cnrurxvr.
1707 787 1722 852 ’-

546 965 550 972 ’
647 964 847 1070 stellarum
862 988 914 1052 ert
941 961 1240 1096 AEgyptiotum
1266 973 1304 1055 ἃ
1326 966 1654 1166 Babyloniorum
1667 965 1849 1056 doctrina
1873 967 1923 1055 ad
1942 969 2035 1058 Ma·

650 1078 831 1168 tortium
846 1077 1078 1165 Lollianum
1102 1078 1201 1167 Asrae
1217 1083 1380 1169 Procon
1383 1079 1505 1167 sulem
1523 1090 1588 1195 q).

660 1301 663 1306 .
768 1250 809 1334 ο)
833 1246 924 1314 Hinc
939 1245 1122 1324 eruditum,
1138 1242 1293 1313 disertum
1307 1266 1443 1334 acptum
1460 1245 1579 1312 librum
1593 1245 1743 1314 condidit
1759 1248 1801 1316 de
1817 1269 1933 1318 errore
1950 1271 2034 1342 pro·

653 1350 797 1430 farratum
810 1345 1004 1436 religionum
1021 1342 1291 1412 adConstantium
1306 1350 1336 1412 &
1355 1342 1563 1413 Constantem
1580 1344 1756 1437 Augustos.

768 1513 812 1604 p)
836 1513 887 1581 Ex
902 1506 997 1602 supra
1022 1509 1113 1578 <lictis
1127 1509 1170 1577 de
1193 1512 1326 1578 nomine
1341 1507 1649 1580 Mathematicorum
1664 1529 1771 1602 patet,
1788 1505 1951 1579 lllathelin
1967 1531 2032 1602 pro

653 1611 840 1703 Astrologia
853 1606 1126 1702 Apotelesmatica
1143 1607 1428 1678 &Mathematicus
1441 1631 1504 1700 pto
1513 1608 1692 1702 Astrologis
1709 1605 1819 1701 pallim
1834 1631 1916 1699 pont
1907 1609 2034 1680 'abilin

654 1733 746 1783 utare
760 1734 797 1779 ac
813 1709 977 1800 deinceps.
1010 1708 1099 1776 Hinc
1112 1730 1160 1775 ars
1173 1705 1405 1777 Mathematica
1420 1706 1604 1778 damnabilis
1617 1729 1684 1777 erat
1697 1717 1727 1778 δι
1741 1709 1909 1778 interdida
1920 1709 2034 1776 omni-

654 1836 711 1882 no.
741 1813 849 1974 (quam
863 1807 908 1874 ob
922 1805 1048 1876 causam
1072 1829 1272 1876 tratrrcus
1294 1807 1406 1876 callide
1429 1826 1523 1898 negat
1556 1807 1655 1896 (licet
1668 1805 1860 1902 Astrologin
1881 1809 2033 1898 patroci-

655 1913 746 1978 nium
771 1903 972 1997 usceperit),
996 1906 1239 1996 Itnperaturiam
1255 1903 1454 1998 genelinelse
1466 1905 1701 2000 astrologorum
1716 1929 1773 1974 reo
1750 1903 2030 1998 ulisfubjedarn,

655 2031 722 2076 non
736 2006 829 2097 quod
845 2003 947 2072 solum
964 2008 1196 2094 Imperatorem
1206 2003 1356 2073 crederet
1369 2003 1476 2088 elle'
1455 2001 1577 2106 αςέςων
1593 2001 1760 2106 ugeirlctrt
1778 2011 1808 2074 δι
1829 2001 1924 2096 supra
1940 2003 2031 2084 astra,

656 2107 712 2176 sed
727 2105 821 2196 quod
836 2106 977 2173 uetitum
999 2103 1076 2172 esset
1099 2103 1170 2194 lege
1186 2103 1313 2193 capitali
1330 2101 1488 2195 supplicio
1503 2124 1645 2172 cautum.
1697 2108 1742 2172 lta
1756 2103 1828 2172 Lib.
1839 2105 1863 2172 I.
1879 2125 1954 2194 cap.
1967 2105 2030 2173 ult.

656 2205 781 2276 scribit:
805 2205 923 2272 “Cave
939 2201 1125 2294 nequando
1141 2201 1271 2270 destatu
1280 2203 1481 2292 Reipublicu
1494 2203 1547 2270 uel
1561 2205 1603 2270 de
1617 2203 1827 2272 vitallornani
1843 2205 2032 2292 Imperato-

654 2306 717 2386 „ris
731 2302 854 2393 aliquid
868 2301 1079 2393 interroganti
1090 2297 1295 2390 respondeas.
1320 2305 1397 2368 Non
1414 2301 1650 2392 enimjoportet
1659 2325 1720 2370 nec
1733 2303 1820 2382 licet,
1834 2301 1932 2372 utde
1945 2299 2030 2372 statu

654 2400 1003 2492 ,Ileipublicaealiquid
1027 2421 1212 2470 murnum
1236 2421 1516 2469 cuntosrrnru·
1536 2399 1690 2488 dicamus,
1739 2400 1803 2470 Sed
1817 2397 2031 2472 &sceleratus

654 2521 776 2592 „atque
789 2499 878 2568 omni
893 2497 1167 2567 animadvetsrone
1181 2498 1297 2592 dignus
1312 2495 1372 2576 est,
1394 2495 1416 2565 li
1432 2500 1506 2589 quis
1528 2500 1743 2590 interrogatus
1758 2497 1801 2568 de
1815 2497 1886 2568 fato
1903 2497 2030 2570 dixerit

655 2599 906 2691 „Imperatoris,
924 2600 1000 2689 quia
1022 2595 1101 2666 nihil
1122 2619 1182 2664 nec
1202 2597 1312 2664 dicere
1331 2598 1456 2686 poterit
1476 2620 1538 2667 nec
1558 2599 1716 2668 invenire.
1766 2599 1857 2666 Scite
1883 2599 1972 2668 enirn
1991 2619 2030 2668 te

653 2699 849 2784 „convenit‚
866 2698 959 2786 quod
973 2703 1004 2766 δι
1018 2693 1192 2786 Aruspices
1205 2695 1500 2786 quotiescunquea
1516 2698 1650 2787 pn'vatis
1669 2699 1859 2788 Interrogati
1883 2697 1928 2766 de
1943 2697 2027 2768 stam

653 2797 882 2889 „Imperatoris
897 2794 1039 2874 suerint,
1055 2802 1087 2863 dt
1106 2795 1263 2883 querenti
1277 2791 1475 2883 respondere
1497 2797 1679 2886 ¹voluerint,
1702 2815 1775 2864 exta
1790 2795 1937 2886 semper,
1954 2819 2028 2889 que

654 2899 716 2980 „ud
731 2897 797 2964 hoc
811 2893 962 2962 destinata
981 2892 1125 2974 fuerant,
1140 2915 1294 2961 venarum
1311 2891 1441 2961 ordines
1452 2893 1597 2963 involuta
1609 2893 1757 2962 confuse
1760 2916 1801 2963 ne
1813 2895 2028 2967 conturbent.

652 2995 739 3079 „Sed
756 3017 817 3062 nec
838 2994 952 3083 aliquis
965 2991 1214 3060 Mathematicus
1237 3013 1352 3058 vetum
1367 2991 1490 3082 aliquid
1511 2993 1553 3063 de
1574 2992 1641 3061 fato
1657 2995 1864 3081 Imperatoris
1885 2993 2028 3067 definire

652 3095 816 3185 „potetit,
808 3088 914 3159 'solus
928 3093 1014 3159 enim
1030 3088 1376 3182 Imperatorstellatum
1392 3089 1610 3175 nonsubjacet
1624 3089 1782 3172 curfibus,
1795 3089 1926 3161 &solus
1940 3092 2028 3165 estin

651 3189 767 3277 „cujus
779 3189 848 3259 fato
862 3180 955 3259 stelle
967 3189 1167 3260 decernendi
1175 3212 1241 3257 non
1253 3186 1373 3257 habent
1386 3189 1587 3298 potestatem.
1611 3192 1696 3259 Cum
1710 3188 1908 3279 enirnfuetit¹
1920 3194 2025 3263 totius

529 3318 532 3323 ·
651 3292 761 3377 „orbis
779 3292 961 3379 Imperator
980 3290 1212 3367 &Dominum
1243 3285 1396 3355 fatum
1368 3310 1435 3370 erus
1452 3287 1646 3357 DeIsumnri
1665 3286 1788 3373 judicio
1807 3266 2026 3403 gubernatus.

652 3390 739 3476 „sed
753 3388 942 3483 Astrologe!
966 3387 1074 3480 quide
1087 3408 1149 3455 tuac
1161 3388 1235 3455 attis
1249 3388 1447 3456 certrtudrne
1454 3386 1475 3454 s
1477 3412 1490 3454 s
1499 3384 1679 3479 persuasus,
1697 3386 1788 3457 bono
1796 3385 1833 3455 fis
1839 3412 1969 3474 anrmo
1982 3414 2026 3461 nc

650 3491 783 3574 „timeas
797 3487 900 3556 edida
915 3488 967 3556 vcl
985 3486 1128 3578 capitalia
1147 3483 1321 3577 supplicia,
1336 3482 1359 3553 st
1379 3486 1465 3555 enirn
1486 3508 1547 3557 tuae
1565 3484 1819 3556 constellationes
1837 3486 1898 3555 tibi
1919 3490 2026 3561 vitam
2087 3480 2096 3501 ⁸

650 3588 872 3679 „promittunt
885 3593 916 3658 δι
929 3584 1097 3655 adstruunt
1108 3586 1301 3677 longevam
1325 3592 1356 3654 δι
1371 3604 1512 3656 mortem
1532 3586 1690 3679 placidam
1705 3608 1745 3656 nc
1764 3586 1940 3659 nutrimus
1927 3590 2024 3683 qui-

652 3686 750 3774 „dem
770 3690 1008 3779 Imperatorum
1029 3704 1064 3755 te
1078 3684 1234 3754 occidere
1254 3682 1407 3775 potest.„

636 3918 644 3929 ,
753 3855 797 3943 q)
820 3848 1271 3943 Lrberptrmusllstrplogrtm
1278 3847 1475 3934 Judrcrarram
1484 3848 1770 3923 adversusrcmulos
1780 3850 1949 3939 defendit
1963 3880 2023 3931 eo-

650 3972 793 4043 rumque
806 3952 947 4019 rationes
961 3948 1113 4016 dillolvit.
1161 3952 1198 4017 ln
1213 3947 1357 4019 secundo
1372 3950 1455 4018 libro
1471 3952 1947 4049 Zodiacumindgntpattitur,
1943 3958 2024 4050 pla-

651 4072 800 4121 netarum
814 4048 998 4128 domicilia,
1020 4044 1222 4128 altitudines,
1247 4046 1457 4132 dejectiones,
1472 4049 1634 4142 dgnorum
1650 4053 1806 4132 decanos,
1819 4050 1915 4137 fines,
1928 4057 2022 4127 diur

649 4151 888 4221 nadrnoslutna
898 4147 1025 4241 gaudia
1040 4146 1176 4216 ducatus
1183 4166 1410 4239 trigonorum
1418 4148 1581 4231 dominos
1593 4150 1614 4218 s
1605 4154 2022 4243 gnotumortusmdrver

649 4246 672 4317 s
674 4272 689 4315 s
701 4248 891 4327 climathus,
908 4247 1062 4339 geniture
1071 4245 1227 4327 cardines,
1242 4243 1468 4329 locasecunda,
1482 4247 1625 4341 alpetrus
1632 4251 1843 4343 plnretarunt,
1849 4250 2021 4345 figunt-m

648 4350 871 4439 cognationes,
883 4348 958 4415 vite
967 4346 1125 4427 datorem,
1139 4366 1417 4427 cronoctatorem,
1433 4348 1933 4441 aliaqueAstrologiaejudicittie
1941 4350 2022 4427 fitu-

647 4446 955 4537 damentaexplicat.
985 4447 1103 4516 Tertio
1117 4446 1201 4515 libro
1208 4446 1328 4515 Mundi
1338 4446 1455 4531 thema,
1469 4447 1734 4541 ingtrlorumque
1749 4450 2021 4541 planetarumde·

647 4564 746 4625 creta,
761 4566 820 4637 per
828 4542 960 4637 lingulas
968 4547 1042 4614 coelr
1050 4544 1209 4615 stationes
1236 4548 1315 4614 Item
1323 4548 1482 4616 Mercurii
1496 4572 1572 4617 cum
1586 4550 1719 4661 reliquis
1733 4548 1868 4639 pltnetis
1882 4550 2022 4627 decreta

644 4646 816 4735 proponit.
840 4646 968 4739 Quarto
984 4648 1105 4713 Lunam
1114 4644 1302 4737 applicatad
1318 4642 1457 4737 singulos
1466 4649 1614 4727 Planetas
1636 4646 1772 4739 ejusque
1788 4646 2021 4743 defluxionem

643 4742 795 4817 al’laneta
804 4764 872 4815 uno
885 4744 927 4814 nd
946 4742 1044 4814 adum
1064 4744 1251 4837 expleat,
1242 4762 1323 4815 rtem
1337 4744 1537 4839 generalia
1508 4768 1576 4832 erus
1597 4746 1745 4829 decreta,
1764 4764 1836 4821 tum
1849 4746 2020 4823 furtorum

1854 4851 2021 4943 explorat,
2099 4902 2104 4913 .
