4925 5900
487 825 490 831 ·
625 810 698 888 nr
722 795 965 886 intruis
988 808 1361 887 numerorum
1383 760 1811 922 Qunrrrnrrrtrr
1836 811 1921 940 ὃς·

528 963 575 1036 ita
589 980 735 1054 quatuor
753 962 1005 1057 mundiplage,
1026 983 1171 1056 quatuor
1194 983 1304 1056 parret
1325 983 1435 1049 terre,
1458 987 1603 1060 qurtnor
1621 979 1799 1046 ventoi'um
1817 974 1908 1064 fitur,
1942 1001 1945 1006 ·

495 1059 509 1089 '¹
597 1082 676 1133 tuor
700 1083 889 1157 tempotum
918 1060 1106 1134 distributio
1122 1063 1338 1136 fundamento
1360 1066 1506 1158 gaudent
1528 1068 1693 1154 infallibili,
1709 1070 1906 1149 soliditatem

528 1083 686 1234 ffimrm
701 1164 883 1246 indicante,
905 1186 994 1247 cum,
1012 1183 1175 1258 quantum
1191 1161 1331 1235 hunum
1350 1163 1484 1237 scientia
1503 1167 1614 1240 adhuc
1631 1174 1820 1267 pertingere
1840 1171 1907 1269 'po-

529 1264 606 1348 t'uit,
621 1264 746 1334 nullum
758 1261 825 1335 sese
840 1262 948 1335 adhuc
961 1263 1236 1355 impedimentum
1253 1265 1429 1348 invenerit,
1437 1289 1510 1359 quo
1524 1269 1632 1339 minus
1647 1272 1701 1341 vel
1718 1274 1763 1343 ob
1773 1293 1905 1370 tempo-

529 1365 573 1434 ris
587 1365 757 1450 calculum,
771 1383 828 1435 aut
843 1362 996 1453 syderum
1009 1362 1268 1448 conversionem,
1282 1385 1340 1433 aut
1356 1367 1593 1459 navigationes,
1605 1390 1664 1442 aut
1675 1372 1736 1442 alia
1750 1396 1905 1466 quacun.

530 1467 599 1558 que
612 1461 681 1536 hac
694 1465 880 1536 distributio
894 1487 961 1534 non
974 1463 1152 1557 procedam
1173 1469 1206 1533 dc
1220 1465 1264 1536 ita
1279 1465 1420 1547 indicet,
1435 1465 1519 1536 hanc
1538 1469 1767 1561 quadraturam
1780 1498 1846 1545 uon
1859 1498 1905 1554 err

528 1563 678 1635 instituto
691 1566 886 1660 mortalium,
903 1563 959 1635 sed
976 1564 1141 1634 creatoris
1152 1582 1255 1656 atque
1275 1562 1415 1656 opificis
1426 1563 1558 1652 summi,
1574 1572 1768 1663 &provida
1783 1595 1905 1650 naum

527 1685 609 1738 curt
625 1668 673 1736 ita
692 1667 860 1738 cmditam
880 1663 984 1738 fuisse.
1524 1681 1526 1688 '
1737 1723 1739 1728 -

536 1821 540 1830 .
628 1770 704 1856 uu)
723 1765 824 1838 conf.
847 1788 944 1838 narr.
967 1785 1150 1836 iruerint
1171 1766 1205 1833 in
1233 1762 1523 1837 Demonstratione
1553 1769 1746 1866 Evangelia
1764 1779 1903 1873 Propon

529 1869 591 1940 lv.
615 1888 686 1961 cap.
701 1871 740 1941 ll.
763 1867 796 1960 §.
813 1881 844 1944 8.
865 1863 1138 1937 tredemunde
1151 1866 1224 1935 Diis
1240 1867 1310 1953 Syr.
1325 1865 1399 1935 Lib.
1415 1867 1455 1938 11.
1477 1889 1509 1936 c.
1528 1891 1553 1937 1.
1582 1876 1616 1942 dr
1655 1862 1905 1959 wruurrarur

528 1965 662 2056 uidere
677 1966 720 2040 de
738 1964 1026 2061 Pythagoreorum
1037 1966 1203 2052 Temuy.
1334 1977 1337 1982 ⁴
1615 2045 1619 2051 ,

631 2070 706 2157 rix)
730 2070 778 2138 lta
800 2069 889 2138 enim
908 2063 1062 2135 scribitur
1080 2062 1246 2134 Hebraice
1267 2075 1370 2149 mar,
1392 2068 1505 2138 Graece
1527 2066 1634 2156 Θεὸς,
1660 2074 1775 2146 latine
1797 2077 1909 2170 Q.

527 2167 724 2239 Germanice
743 2171 843 2248 Gott,
858 2165 981 2238 Gallice
996 2166 1103 2248 Dieu,
1118 2158 1261 2235 Arabice'
1279 2167 1361 2250 Ala,
1377 2165 1501 2236 Perfice
1512 2172 1610 2257 Syre,
1627 2167 1774 2263 Assyrice
1787 2165 1904 2267 'Adad

528 2266 696 2339 Etrusciee
712 2266 797 2351 Esar,
809 2267 1008 2361 AEgyptiic'e
1021 2267 1115 2337 Teut
1127 2263 1196 2333 live
1208 2256 1316 2338 Θωυδ.
1367 2267 1456 2336 Hinc
1473 2286 1585 2339 ortum
1601 2269 1904 2353 mitsrneuml'e-

528 2385 780 2461 mgrammaton
793 2369 849 2439 vel
865 2389 986 2436 nomen
1000 2368 1071 2438 Dei
1078 2381 1226 2460 quatuor
1238 2366 1339 2435 literis
1354 2365 1512 2437 constans.

574 2479 577 2486 ’
633 2489 707 2575 yy)
730 2484 835 2582 Quod
851 2501 961 2553 autem
974 2481 1116 2553 nunnro'
1154 2482 1338 2554 uamnnrio
1361 2497 1483 2553 tantam
1492 2482 1705 2558 attribuerint
1721 2491 1799 2575 vim,
1812 2498 1900 2571 ratio

530 2603 611 2668 erat,
624 2607 703 2654 curn
718 2583 813 2654 istum
826 2582 975 2680 omnium
989 2577 1125 2675 perses}
1150 2603 1255 2654 rmum
1269 2580 1453 2668 crederent,
1467 2584 1622 2657 dumille
1635 2591 1902 2672 omnetaliosnu.
1975 2582 1979 2592 ’

531 2677 1004 2778 merminsecomprehendit,
1021 2681 1166 2758 inerim
1186 2697 1316 2776 μαψ
1327 2705 1342 2771 3
1358 2698 1567 2772 μιν-ηρ,
1599 2686 1670 2760 vid,
1690 2693 1903 2776 ,amm

534 2785 739 2858 deDetrario
759 2775 989 2880 Pyrbapon'te.
1084 2781 1114 2826 '·'
1210 2801 1213 2808 ·
1794 2787 1796 2792 ’

1162 2912 1184 3008 §
1235 2936 1280 2998 25.

643 3035 838 3152 Quinque
853 3030 882 3122 st
897 3031 1075 3122 invicem
1097 3031 1164 3121 vel
1183 3031 1416 3150 inimpares
1432 3031 1649 3139 ducantur,
1665 3031 1820 3158 stmper
1833 3035 1906 3133 sibi
2010 3076 2014 3085 ·

532 3151 700 3270 equales
718 3151 970 3270 producunt:
999 3179 1038 3237 v.
1052 3177 1087 3235 c.
1307 3200 1309 3205 -
1347 3270 1351 3279 .

899 3308 940 3383 <5
1085 3302 1108 3377 5
1253 3304 1278 3371 5
1428 3308 1450 3381 5

870 3424 976 3533 „3-
1088 3419 1111 3494 5
1258 3419 1282 3499 7
1430 3424 1457 3505 9

917 3564 965 3638 15
1088 3561 1137 3636 25
1210 3547 1304 3647 ¹-35
1420 3566 1489 3644 45·

536 3676 819 3771 denommamt
866 3669 1021 3761 idcirco
1054 3665 1265 3759 Numerus
1290 3666 1598 3784 apocatasticus,
1639 3666 1721 3762 five
1754 3675 1909 3772 restitu-

535 3794 702 3886 tionis.-
979 3872 983 3887 .
1162 3838 1180 3863 ·-
1339 3844 1341 3848 -
1517 3829 1521 3837 ·
1828 3842 1831 3853 ·

565 3942 576 3955 ·
889 3986 893 3995 ¹
945 3942 949 3949 ·
1167 3900 1294 3995 §‚26.

650 4029 729 4118 Sex
743 4024 897 4141 primus
912 4045 1103 4110 numerus
1117 4016 1317 4131 perferens
1337 4018 1460 4121 audit,
1482 4018 1678 4136 cumejus
1691 4045 1825 4136 partes
1839 4021 1911 4112 ali.

537 4172 672 4269 quota
686 4138 936 4254 conjunctim
956 4133 1093 4222 sumrae
1116 4129 1187 4247 ipsi
1202 4162 1377 4222 numero
1401 4134 1466 4223 sex
1481 4135 1766 4252 suntaequalec:
1793 4138 1909 4228 Nam

545 4284 624 4365 ,4
643 4293 662 4347 2
680 4275 722 4358 4
743 4286 762 4365 3
780 4295 822 4331 =
835 4258 873 4339 6.
959 4247 1210 4363 Huiusmodi
1233 4249 1481 4338 conditionis
1505 4280 1698 4341 numeros
1714 4279 1840 4368 usque
1854 4255 1910 4342 ad

538 4403 768 4491 40000000
784 4391 942 4483 tantum
962 4382 1024 4465 28.
1049 4369 1146 4472 496.
1169 4380 1291 4459 8128.
1326 4370 1500 4472 130816.
1532 4368 1910 4478 2096128.inveni·

495 4528 499 4535 ·
539 4523 645 4585 mus.
701 4487 827 4573 Hunc
841 4506 1055 4581 numerum
1069 4478 1204 4567 Patres
1219 4478 1432 4592 primitive
1441 4476 1622 4569 Ecclesia
1632 4504 1753 4599 atque
1766 4511 1910 4601 quam·

496 4610 499 4617 ’
540 4605 703 4724 plutini
717 4600 943 4711 Scriptores
960 4620 1109 4706 magno
1126 4589 1283 4707 semper
1300 4594 1434 4706 pretio
1448 4592 1685 4685 habuerunt.
1753 4600 1808 4689 Et
1823 4603 1910 4718 qui·

485 4764 508 4799 ,-
542 4726 640 4813 dem
668 4728 708 4832 ι)
724 4714 836 4828 Qia
847 4710 963 4799 Deus
976 4707 1021 4797 in
1035 4708 1245 4803 creatione
1254 4707 1331 4913 septj
1340 4706 1481 4797 diebus
1498 4712 1638 4803 omnia
1651 4707 1831 4824 absolvit,
1854 4739 1911 4805 at.

513 4864 562 4897 ·-
1340 4850 1443 4913 ccc
1470 4852 1546 4913 ca
1832 4859 1913 4953 que
2040 4920 2047 4933 ,
