4925 5900
708 787 777 855 DE
801 787 1196 860 ARITHMETICA
1216 792 1755 866 CHARACTqusvtcA.
1871 813 1928 876 741

556 927 601 997 do
614 930 740 1021 aliquid
753 931 915 1023 scripslse,
929 935 1025 1027 quod
1038 955 1194 1026 putemus
1208 939 1321 1029 itaque
1333 939 1418 1008 circa
1436 957 1643 1025 annum-970.
1663 957 1720 1008 tut
1740 935 1835 1008 citius
1848 933 1928 1006 suis·

554 1026 604 1096 se:
630 1032 735 1120 quod,
751 1056 1093 1108 aconsvttvrttvo
1109 1056 1259 1128 togatus,
1285 1040 1473 1116 ememoria
1493 1037 1563 1119 sua,
1576 1040 1702 1129 ¹partim
1716 1021 1791 1128 ipsis
1803 1027 1932 1116 verbis,

555 1131 673 1219 partim
688 1131 805 1199 eodem
823 1131 913 1200 sensu
931 1137 1067 1224 tepetit;
1091 1143 1121 1204 ἂ
1136 1159 1213 1203 cum
1225 1135 1285 1204 hac
1305 1136 1437 1227 epistola
1450 1138 1490 1206 ad
1504 1137 1612 1228 ipsum
1626 1137 1737 1206 mittit.
1806 1138 1923 1225 Atque

553 1228 593 1296 ad
612 1251 650 1298 ea
666 1229 853 1321 respondet,
867 1257 939 1322 quae
953 1256 1020 1300 non
1035 1257 1143 1316 nemo,
1157 1258 1258 1325 quem
1273 1256 1371 1304 vocat
1378 1235 1610 1327 Philosophum
1622 1236 1688 1304 fine
1703 1236 1812 1317 literis,
1824 1232 1924 1302 cavil-

554 1327 636 1396 latus
652 1330 712 1399 est:
737 1334 912 1400 minutiora
926 1354 1088 1422 reputans,
1102 1334 1145 1401 de
1158 1336 1280 1425 Digitis
1292 1341 1324 1404 &
1344 1337 1615 1418 Articulis-dida,
1638 1336 1720 1404 dum
1744 1335 1785 1404 ad
1801 1331 1923 1419 majora

553 1449 619 1495 non
632 1431 795 1514 attendat:
818 1439 849 1500 δι
864 1452 902 1499 ut
914 1433 972 1499 fibi
986 1434 1235 1501 contraditiona
1254 1433 1414 1517 causatus,
1429 1435 1564 1510 tandem
1580 1454 1690 1505 notam
1703 1433 1922 1524 ntmterumve'

550 1547 639 1598 nunc
655 1530 796 1622 digitum
808 1531 871 1598 elle
884 1553 970 1599 nunc
980 1533 1163 1613 articulum,
1176 1552 1258 1623 puta
1270 1534 1411 1603 totidem
1433 1536 1601 1617 monadas,
1615 1534 1760 1614 decadas,
1775 1532 1920 1608 centuri·

548 1649 650 1730 usque
674 1637 735 1699 &o
749 1630 943 1722 fignificare,
965 1651 1069 1723 prout
1091 1634 1168 1699 loco
1183 1634 1308 1723 primo,
1325 1631 1488 1713 secundo,
1510 1655 1568 1714 aut
1579 1632 1793 1724 consequenti
1806 1619 1919 1721 aliquo

547 1739 702 1819 ponatur.
777 1731 842 1800 Sed
859 1731 1037 1800 &brevem
1054 1731 1172 1811 verbis,
1191 1734 1353 1823 prolixam
1374 1731 1540 1802 sententiis
1558 1734 1623 1802 esse
1641 1733 1757 1814 tradit:
1783 1733 1825 1799 Et
1846 1749 1919 1798 tunt

547 1825 834 1919 speculationibus,
842 1850 912 1899 tum
922 1829 1222 1910 mensurationibus,
1236 1834 1321 1900 Coeli
1336 1835 1508 1913 Terraeve,
1529 1834 1671 1901 maxime
1685 1828 1915 1900 accommoda·
1964 1824 1968 1830 ’

533 1947 625 2016 tam.
676 1931 745 2025 Qui
759 1929 1054 1999 tamaccuratusest
1067 1928 1163 2014 hujus
1175 1932 1250 1998 artis
1264 1930 1444 2012 Charader,
1457 1952 1495 2000 ut
1511 1953 1611 2000 nemo
1626 1930 1767 2012 dubitet,
1781 1929 1862 2020 quin
1872 1928 1917 2025 de

547 2047 584 2096 ea
597 2028 679 2096 diua
693 2028 763 2096 snt.
812 2031 877 2099 Sed
894 2038 924 2099 ὃ(
938 2030 982 2098 de
995 2049 1157 2120 tempore,
1164 2051 1235 2120 quo
1243 2032 1373 2111 vbterit,
1381 2031 1523 2100 dubitari
1530 2055 1596 2100 non
1604 2027 1722 2121 potest,
1736 2050 1841 2098 cumo
1852 2048 1916 2096 utt-
2004 2037 2008 2046 '

545 2143 704 2198 orn-rus
719 2127 773 2197 hic
789 2130 875 2197 idem
890 2129 939 2209 fit,
952 2130 1011 2220 qui
1025 2128 1136 2220 postea
1147 2133 1229 2219 Papa
1248 2151 1484 2199 svtvrsrrn
1500 2128 1675 2200 secundus.
1745 2125 1913 2217 Adeoque

546 2225 625 2298 huic
639 2229 803 2319 cognitam
818 2228 909 2297 suilse
924 2229 1009 2296 hanc
1020 2248 1122 2296 artem
1135 2235 1165 2296 ἃ
1179 2231 1219 2296 in·
1227 2231 1358 2298 Galliam
1373 2231 1512 2311 allatam,
1536 2253 1604 2297 non
1620 2228 1808 2298 dubitemus
1824 2227 1911 2294 circa

545 2329 692 2397 medium
715 2327 812 2396 seculi
826 2330 957 2406 decimi,
970 2349 1050 2418 puta
1063 2350 1183 2396 annum
1196 2335 1272 2414 960,
1284 2348 1341 2397 aut
1352 2353 1430 2416 970,
1449 2349 1505 2398 aut
1518 2331 1624 2410 citius,
1646 2335 1677 2397 ἃ
1694 2330 1727 2395 in
1747 2320 1911 2416 Hispania,

542 2427 632 2496 unde
646 2425 713 2517 ipse
726 2426 988 2517 habuerit,prius
1001 2425 1108 2495 adhuc
1120 2448 1249 2495 notam:
1270 2427 1358 2496 conf.
1382 2451 1454 2519 quae
1474 2426 1570 2520 supra
1590 2427 1712 2496 dehoc
1734 2446 1909 2508 ortuen-

541 2545 600 2598 το
616 2526 752 2594 fuerunt
767 2545 927 2593 annotata.
978 2581 981 2586 .
999 2529 1197 2595 Contrariam
1210 2526 1397 2596 sententiam
1413 2528 1482 2600 Cel.
1498 2549 1543 2609 Jo
1554 2520 1694 2598 nunus
1717 2547 1813 2594 turo
1824 2543 1908 2590 unt-

544 2647 616 2693 cus
638 2645 872 2693 wrtotrnus
892 2625 925 2691 in
938 2622 991 2693 sua
1004 2626 1221 2694 dissertatione
1236 2628 1279 2695 de
1294 2627 1525 2696 charaderibus
1539 2647 1752 2696 numerorum
1766 2621 1909 2716 vulgari-

541 2723 603 2793 but
617 2730 648 2793 &
664 2745 778 2791 eorum
793 2722 1171 2808 aetatibusViteb.1727.
1187 2725 1313 2807 habita,
1325 2726 1484 2795 defendit.
1556 2729 1641 2796 Cum
1661 2725 1749 2793 enim
1774 2723 1805 2791 ei
1832 2723 1911 2790 MS

538 2845 713 2893 norrun
729 2824 772 2891 de
786 2826 983 2918 Geometria‚
999 2825 1093 2914 quod
1107 2828 1139 2890 in
1155 2824 1353 2894 Bibliotheca
1374 2824 1534 2896 Altorfina
1553 2826 1750 2904 adservatur,
1788 2820 1903 2888 videre

538 2926 690 3015 contigit,
705 2925 737 2990 in
752 2945 794 2992 eo
810 2922 1003 2993 chatadetes
1018 2945 1230 2993 numerorum
1245 2925 1378 2993 arabicis
1399 2924 1512 2995 smiles
1532 2924 1696 3017 expressos
1717 2917 1901 3014 deprehen·

536 3024 597 3106 dit,
612 3026 725 3115 itaque
739 3023 908 3111 arbitratus
922 3022 996 3103 suit,
1011 3046 1068 3090 eos
1079 3022 1142 3107 jam
1158 3046 1341 3093 botunto
1355 3025 1447 3093 fuisse
1456 3020 1618 3118 cognitos,
1631 3046 1731 3115 quern
1744 3020 1905 3103 A.C.524'

535 3124 638 3195 vitam
651 3123 762 3192 finiisse
769 3122 908 3192 constat.
956 3126 1034 3191 Hoc
1047 3145 1271 3194 wnLLtstus
1293 3127 1388 3193 ctiam
1400 3123 1465 3207 jam
1480 3123 1724 3204 observaverat,
1750 3123 1795 3190 ita
1810 3118 1898 3199 enim

535 3242 570 3313 p.
590 3248 626 3290 n.
674 3223 1000 3314 „Nonignormaitin
1016 3243 1197 3307 norrun,
1222 3244 1338 3293 uentu
1350 3226 1553 3314 aliorumque
1566 3226 1788 3313 antiquiorum
1805 3218 1900 3289 edi-“·

535 3321 688 3403 tionibus,
701 3345 779 3416 quas
792 3323 855 3406 jam
873 3320 1039 3401 habemus,
1056 3321 1251 3411 quibusdam
1270 3322 1385 3413 figuras
1400 3322 1585 3407 hujusmodi
1601 3342 1805 3415 comparere:
1828 3319 1897 3385 At“

534 3420 874 3500 noncredendumest,
888 3420 923 3486 id
938 3421 970 3486 iu
986 3419 1209 3512 Avtographis
1228 3423 1413 3513 contigisse,
1439 3443 1494 3490 aut
1513 3421 1744 3491 vetustioribus
1764 3414 1896 3497 Codda‘

533 3524 627 3591 MSS.
677 3522 741 3591 Sed
758 3541 910 3588 numeros
924 3518 1025 3585 latinis
1039 3518 1137 3586 literis
1155 3519 1246 3588 fuisse
1262 3519 1460 3611 descriptos3
1474 3521 1568 3613 quod
1583 3523 1615 3587 in
1633 3517 1792 3588 nonnullis
1806 3510 1895 3606 ipse“

533 3620 614 3713 vidi.
662 3621 829 3712 Adeoque
843 3641 908 3686 non
922 3616 999 3685 hinc
1011 3620 1212 3709 arguendum
1226 3640 1321 3711 puto,
1329 3620 1381 3688 bas
1395 3640 1571 3690 notastunc
1585 3624 1619 3688 in
1632 3618 1691 3689 usu
1712 3614 1801 3710 apud
1815 3619 1897 3683 nos“

534 3720 634 3800 suill'e‚
650 3720 784 3811 quando
799 3716 855 3809 ipsa
870 3719 1022 3786 vixerint.
1030 3767 1049 3798 „
1073 3720 1241 3788 Probanda
1255 3718 1299 3786 est
1312 3720 1436 3788 idcirco
1453 3724 1541 3789 MSti
1556 3721 1741 3810 antiquitas.
1789 3711 1893 3810 Quod

532 3823 629 3891 etiam
642 3818 1044 3910 defideroinargumentis,
1059 3841 1131 3908 quae
1142 3816 1407 3887 nuruus⁰unn
1417 3843 1425 3885 ι
1435 3841 1482 3888 ει
1505 3844 1527 3889 n
1537 3841 1681 3887 unvtus
1697 3819 1730 3883 in
1742 3817 1893 3883 Demon-

530 3918 684 3990 stratione
696 3919 888 4009 Evangelica
899 3923 996 4008 Prop.
1011 3920 1068 3985 lV.
1082 3917 1121 3985 ad
1136 3916 1347 3986 evertendam
1368 3917 1506 3985 nostram
1529 3918 1714 3985 sententiam
1744 3911 1893 4003 protulit,

530 4019 586 4091 sed
601 4021 694 4086 nimis
709 4020 819 4086 coasie
833 4025 863 4086 &
876 4020 988 4107 potius
1001 4015 1165 4108 ingeniose
1182 4039 1280 4107 quam
1302 4015 1403 4084 solide
1423 4017 1495 4085 sunt
1517 4019 1607 4088 uitta.
1683 4011 1807 4084 Pmstat
1820 4007 1889 4094 ejus

529 4118 677 4211 ipfisfima
690 4118 798 4197 verba,
807 4119 883 4184 licet
895 4118 1032 4207 prolixa,
1045 4117 1226 4184 anneCiere:
1250 4117 1326 4196 „Ab
1340 4117 1511 4195 Ambibus,
1526 4116 1645 4206 inquit,
1659 4114 1712 4181 vel
1729 4114 1767 4180 ab
1782 4110 1889 4181 Indis«

528 4219 719 4289 numerandi
736 4215 927 4284 cbaratletes
942 4218 1093 4284 inventos
1106 4217 1177 4296 else,
1190 4237 1256 4282 non
1272 4216 1387 4308 vulgus
1401 4215 1606 4285 eruditorum
1620 4214 1734 4292 modo,
1747 4209 1800 4281 sed
1810 4214 1893 4281 do-“

529 4317 651 4389 &issimi
665 4319 791 4408 quique
806 4316 847 4383 ad
861 4314 944 4383 banc
957 4317 1043 4384 diem
1058 4316 1200 4384 arbitrati
1218 4313 1301 4382 sunt.
1356 4318 1426 4406 Ego
1442 4337 1535 4396 vero,
1547 4311 1660 4383 falsum
1673 4314 1705 4380 id
1720 4312 1792 4393 esse,
1801 4320 1891 4379 me—“
1934 4392 1938 4398 Ι

528 4442 651 4511 rosque
666 4418 727 4485 else
744 4419 931 4487 Graecorum
947 4414 1139 4484 characteres
1153 4413 1215 4497 ajo,
1234 4437 1250 4481 a
1266 4414 1399 4481 librariis
1420 4417 1536 4483 Grccae
1550 4414 1663 4504 linguae
1687 4414 1802 4504 ignaris
1817 4415 1888 4480 in-“

525 4520 714 4610 terpolatos,
727 4522 756 4585 bt
771 4516 923 4583 diuturna
939 4512 1097 4583 scribendi
1112 4512 1349 4581 consuetudine
1363 4532 1547 4604 corruptos.
1571 4516 1656 4594 Nam
1670 4516 1824 4607 primum,
1839 4523 1889 4595 1,“

526 4618 612 4709 apex
625 4618 698 4698 fuit,
712 4613 767 4682 seu
781 4614 906 4704 virgula
920 4632 994 4681 nota
1008 4606 1153 4706 μονάδος.
1178 4638 1205 4693 2,
1219 4612 1265 4680 est
1280 4609 1383 4702 ipsum
1391 4610 1427 4701 β,
1442 4609 1888 4683 extremis'suistruncatum.“

525 4742 561 4815 γ,
573 4719 597 4789 st
610 4721 645 4788 in
657 4713 808 4785 sinistrant
823 4714 1314 4808 parteminclinaveris,btcautla
1330 4714 1537 4796 mutuaveris,
1549 4711 1754 4880 &finistrums
1762 4722 1886 4881 εὲζιιῶ

1268 4815 1329 4884 Aa
1352 4835 1394 4884 aa
1418 4836 1435 4881 a
1456 4836 1471 4900 3
1745 4814 1786 4880 ιη’
1817 4834 1887 4880 rot·
