4925 5900
490 799 554 886 με
926 781 1115 868 trunti
1163 794 1468 871 cnrurxrv.
1550 809 1553 816 ·

498 941 760 1031 „observationes
772 937 890 1014 additis
904 944 1002 1014 etiam
1014 944 1159 1036 propriis
1171 944 1206 1012 in
1217 942 1357 1016 fornum
1371 944 1507 1016 reduxit
1518 946 1559 1017 td
1573 947 1755 1021 luculenter
1767 953 1871 1026 retio-¹

501 1068 595 1132 „nes,
608 1064 707 1136 atque
721 1045 764 1114 ita
778 1066 912 1111 omnem
929 1044 1106 1112 dodtinam
1118 1044 1162 1112 de
1181 1045 1274 1127 Sole,
1295 1048 1405 1125 Luna,
1429 1045 1539 1137 deque
1561 1067 1633 1116 turn
1655 1051 1872 1122 inerrantibus

502 1165 596 1229 „tum
614 1144 792 1212 errantibus
810 1141 904 1210 stellis
923 1145 957 1210 in
971 1141 1155 1234 Aimagesto
1175 1140 1235 1210 suo
1256 1142 1449 1234 complexus
1469 1143 1537 1227 est,
1559 1169 1658 1237 quarn
1680 1171 1747 1215 non
1768 1148 1872 1220 soiutn

503 1244 737 1331 „Alexandrini
750 1241 808 1311 sed
822 1265 934 1310 omnes
950 1241 1073 1311 Arabes
1094 1247 1126 1310 bc
1138 1241 1243 1310 [utini
1258 1241 1354 1334 longa
1373 1260 1561 1333 temporum
1575 1243 1655 1314 serie
1674 1248 1774 1316 etiam
1793 1251 1872 1318 reti-

387 1385 394 1414 .
506 1362 709 1429 „nuerunt.„
745 1345 801 1411 De
822 1338 892 1426 ejus
913 1339 1080 1427 systemrte
1099 1338 1177 1409 coeli
1198 1339 1268 1409 vid.
1290 1361 1510 1412 rururrrus
1530 1365 1820 1415 unuseencrus
1839 1349 1873 1416 in

505 1441 840 1514 Commentationibus
852 1442 886 1507 in
898 1459 1028 1508 motum
1039 1442 1151 1509 Terrae
1165 1437 1318 1508 diurnum
1334 1445 1365 1509 dr
1373 1461 1516 1510 attnuum
1531 1463 1565 1532 p.
1579 1466 1624 1512 22.
1637 1443 1876 1538 Middelburgi,

506 1550 588 1631 ¹⁶30·
603 1567 639 1628 4.
655 1545 711 1611 De
723 1538 876 1624 Ejusdem
895 1561 978 1608 vero
992 1536 1272 1610 observationibus
1293 1538 1385 1608 idern
1404 1539 1438 1606 in
1451 1538 1586 1609 Tabulis
1597 1544 1757 1611 Motuum
1770 1545 1874 1614 cete-

506 1641 617 1726 stium,
632 1641 752 1733 quibus
765 1659 990 1709 MARvas
1005 1659 1199 1708 nourrius
1211 1657 1276 1706 rus
1289 1659 1420 1707 carmen
1432 1637 1590 1729 ptumifit,
1605 1639 1639 1707 in
1651 1661 1722 1732 quo
1738 1661 1874 1733 operam

507 1762 734 1813 rrouemnr
756 1735 1017 1807 Astronomicrm
1030 1735 1240 1827 sequentibus
1259 1737 1393 1806 cecinit:

681 1841 760 1907 Hoc
777 1857 857 1928 ergo
866 1835 997 1906 coelum
1008 1833 1092 1904 statu
1101 1829 1293 1922 (secundum
1299 1839 1526 1924 rnrnnncrruu)
1534 1857 1738 1911 munereris
1750 1837 1790 1912 ab
1803 1857 1871 1914 me

682 1937 864 2016 Maximus,
877 1936 1055 2026 accipiens3
1077 1933 1252 2029 Quidquid
1265 1933 1382 2004 testere
1394 1934 1543 2020 videbat,

683 2031 809 2117 Efficit,
825 2033 968 2103 ducente
981 2035 1076 2114 Deo,
1092 2033 1267 2102 comitante
1280 2032 1407 2115 labore,

683 2134 724 2204 ld
736 2153 845 2202 toturn
857 2132 982 2224 liquida
994 2152 1034 2201 ut
1045 2133 1169 2200 ratione
1182 2129 1361 2222 putesceret
1374 2130 1468 2203 Orbi.

684 2234 806 2301 Cuntin
823 2233 943 2300 etenim
962 2232 1040 2300 coeli
1049 2227 1207 2300 scrutatus
1219 2227 1335 2310 iideta,
1348 2231 1471 2321 primus

683 2329 874 2400 Construxit
887 2330 1026 2400 Tabulas
1039 2330 1178 2397 inventis
1192 2349 1249 2398 mo
1265 2329 1335 2398 'bus
1348 2349 1453 2419 aptas:

686 2430 835 2523 Quilibet
847 2445 886 2497 ut
902 2427 987 2496 facili
1000 2428 1104 2519 posset
1117 2429 1224 2496 ration
1283 2423 1396 2496 icissim

664 2537 668 2542 '
686 2525 841 2596 Coelestes
852 2528 942 2606 omni
956 2524 1154 2620 cognoscere
1174 2545 1324 2618 tempore
1337 2522 1474 2598 Cursus:

685 2629 729 2698 Et
743 2626 845 2695 modo
868 2624 1010 2694 defedus
1024 2630 1137 2705 Lunx,
1159 2624 1262 2692 modo
1282 2626 1402 2693 iumine
1415 2627 1497 2693 Solis

685 2727 852 2797 Extincio's
865 2728 1026 2794 Erronutn
1038 2726 1143 2816 ignem
1165 2745 1252 2792 nunc
1266 2723 1418 2814 Cypridis
1439 2721 1557 2790 nstrum

687 2826 738 2892 Ut
750 2823 909 2892 Phoebutn
923 2821 1092 2913 adspiciat,
1117 2843 1203 2889 nunc
1217 2843 1281 2911 qun
1295 2817 1458 2890 nimbosus
1473 2821 1595 2901 Orion,

686 2922 859 3002 Arduum,
872 2922 1056 3013 pluviaeque
1067 2919 1216 3006 Hyades,
1225 2921 1361 3011 regione
1373 2939 1559 2998 merentum

688 3022 778 3091 inter
793 3038 864 3089 tuta
876 3021 993 3089 domus
1007 3042 1080 3088 cern
1094 3040 1262 3087 numerare
1271 3017 1431 3110 styloque.

687 3117 755 3189 Sed
767 3140 876 3210 neque
889 3138 960 3189 turn
973 3119 1086 3211 potuit
1097 3116 1237 3209 perse&
1245 3119 1382 3188 scientia
1396 3116 1463 3185 dici
1605 3152 1607 3157 ·

519 3256 522 3261 ·
688 3215 873 3287 Abiturum.

514 3314 557 3387 Et
577 3336 734 3390 neruus
753 3338 897 3387 nouus
913 3316 1022 3388 Lib-b
1040 3314 1228 3386 Scholtnun
1243 3314 1545 3385 Mathematicarutn
1566 3313 1609 3383 de
1629 3311 1698 3399 ejus
1716 3316 1807 3387 fibris
1826 3306 1879 3391 Β

516 3418 648 3505 quentia
659 3414 797 3501 judicat:
819 3425 1100 3484 “nroneunus
1120 3435 1203 3482 vero
1223 3433 1363 3504 quantus
1382 3420 1414 3483 u
1428 3434 1525 3503 quern
1546 3412 1681 3482 celebris
1694 3416 1882 3489 Medicu-

514 3514 641 3595 „nense
664 3513 756 3582 Edita
770 3516 859 3581 enirn
873 3514 916 3583 de
927 3511 1110 3583 coelestibus
1125 3512 1221 3581 rebus
1232 3512 1407 3592 volumim,
1422 3512 1570 3579 omnium
1583 3509 1789 3601 superiorum
1804 3534 1881 3587 ete·

515 3609 858 3703 „ttun‚sediarumque
881 3611 996 3703 (quod
1009 3611 1052 3681 de
1065 3632 1339 3682 nursroneuts
1353 3609 1441 3677 libris
1455 3606 1536 3699 saepe
1556 3608 1687 3679 testatus
1708 3609 1800 3701 sum)
1825 3614 1881 3683 ui-

513 3708 730 3792 „bliothecam
742 3711 903 3801 quandam
915 3710 1102 3789 continent;
1124 3706 1180 3775 sed
1194 3710 1246 3777 via
1267 3715 1298 3778 dr
1310 3706 1617 3777 mtecommodiore
1636 3708 1825 3791 definitam,
1845 3716 1879 3783 ἁ

513 3807 747 3893 „distributam
771 3830 1001 3879 urnrnrtcnr
1015 3828 1134 3897 nempe
1148 3806 1247 3875 iibrns
1262 3806 1447 3886 duodecim,
1462 3826 1654 3875 niueum
1669 3804 1725 3875 sex
1741 3810 1783 3878 de
1798 3806 1884 3879 snb-

512 3906 631 3991 „tensrs
647 3908 797 3977 videmnus
816 3908 856 3977 tb
875 3929 918 3974 eo
935 3908 1082 3997 quinque
1097 3904 1319 3986 theorematis,
1334 3906 1515 3973 contradus
1529 3904 1602 3975 eise.
1656 3904 1882 3999 Astrulug‘um

512 4007 741 4099 „AEgypdenn
753 4007 820 4073 into
835 4007 979 4075 utinam
991 4002 1116 4074 Cestr'u
1129 4005 1273 4091 imperio
1286 4000 1471 4073 subductam
1485 4002 1686 4094 compendio
1700 4008 1770 4094 peri
1783 4028 1886 4079 com-

511 4104 702 4193 „prestitum
723 4103 1102 4200 Quadripertitomvero
1115 4098 1353 4170 observationes
1367 4100 1592 4171 Cbuidaeorurn
1613 4104 1804 4173 nominatim
1817 4126 1881 4197 rp-

512 4202 642 4290 „pelim
692 4200 835 4284 Murice,
858 4203 1060 4271 itinerarium
1080 4199 1269 4281 Steilnnun,
1288 4199 1566 4290 Piudspberium,
1592 4197 1650 4271 seu
1668 4202 1885 4289 mmmm,

513 4300 752 4391 „Geogrnpbin,
774 4302 915 4371 totidem
927 4300 1044 4367 nobiiis
1060 4299 1180 4390 ingenii
1193 4296 1438 4381 decorarunt„

611 4402 674 4488 aa)
695 4402 750 4469 De
761 4398 810 4468 bis
824 4400 912 4467 libris
924 4398 1112 4479 Ptolemaeus
1127 4394 1195 4485 ipse
1205 4396 1306 4465 docet
1319 4398 1392 4467 Lib.
1405 4402 1432 4467 Ι.
1445 4420 1531 4483 c.19.
1555 4394 1588 4466 se
1606 4396 1657 4467 his
1679 4396 1768 4467 libris
1781 4394 1883 4469 secu·

510 4514 583 4567 tum
596 4496 658 4565 effe
669 4518 756 4587 opus
767 4496 1031 4591 Geogtapbicum
1050 4515 1206 4565 unstrut
1227 4496 1324 4581 Tyrii
1344 4518 1411 4565 non
1431 4496 1491 4563 diu
1509 4516 1583 4565 ante
1603 4496 1747 4578 editum,
1767 4498 1826 4567 sed
1843 4499 1885 4567 in
1902 4528 1920 4573 e

510 4594 658 4685 piuribus
673 4596 850 4665 entendnffe
862 4620 901 4666 nc
916 4594 1110 4687 suppleviiie
1131 4612 1202 4659 cunr
1216 4594 1370 4663 iocorum
1385 4592 1538 4687 positioni
1562 4614 1716 4665 numeros
1730 4596 1885 4689 intigit!-

508 4694 593 4765 dinit
604 4716 643 4767 sc
654 4695 842 4783 btitudiuis,
851 4697 1031 4790 moviuciis
1044 4714 1127 4765 ueto
1140 4694 1307 4777 munitius,
1317 4695 1437 4785 quibus
1451 4692 1493 4763 td
1507 4712 1650 4786 quatuor
1663 4695 1772 4787 phys
1786 4694 1884 4765 ουδ’·

848 4838 856 4853 .
1712 4810 1885 4867 &emm
