4925 5900
559 767 561 772 ¹
688 772 760 851 DE
782 763 1082 890 rumentum
1104 770 1549 853 MATHEMATICIS.
1772 801 1814 870 95
1853 807 1859 818 ·
1894 776 1899 782 '

430 927 546 1029 prou.
566 925 649 1021 (qui
662 926 759 1000 Solus
774 925 903 1019 patrem
914 924 1028 998 haberit
1041 925 1235 1010 Proclettm,
1254 926 1633 1013 anmlhruodenun,
1647 948 1814 1023 mutuum

431 1028 713 1118 Aristomachum
736 1026 807 1098 fuit
822 1046 935 1122 atatem¹
950 1026 1006 1103 hic
1014 1026 1157 1120 ⁴Cleodel
1176 1027 1278 1112 filius,
1300 1026 1394 1115 cujus
1406 1048 1500 1122 pater
1512 1031 1647 1120 Hyllus,
1662 1031 1818 1105 Hercule
1963 1113 1968 1118 .

430 1142 460 1205 ἀ
474 1124 632 1203 Deianira
646 1128 718 1218 ¹iuit
733 1130 844 1213 natus)
867 1134 898 1198 ὰ
917 1125 1045 1220 Iphitus
1058 1129 1244 1210 Haemonis,
1254 1150 1311 1201 aut
1335 1132 1394 1217 (ut
1404 1130 1456 1199 alii
1469 1128 1665 1223 perhibent)
1687 1134 1812 1203 Praxo·

430 1235 510 1303 nidae
523 1225 608 1300 filius
623 1229 664 1298 ah
679 1228 827 1299 Hercule
839 1228 1002 1321 prognati.
1051 1226 1147 1298 Eleus
1160 1227 1281 1322 domo,
1293 1252 1331 1299 ac
1344 1227 1552 1301 Cleosthenes
1565 1229 1713 1301 Cleonici
1725 1230 1812 1302 filius

428 1332 553 1414 Pisaeus,
566 1350 607 1399 ut
619 1326 785 1421 populum
798 1326 839 1396 ad
850 1326 1062 1397 concordiam
1074 1347 1259 1423 pacemque
1277 1327 1490 1413 reducerent,
1509 1352 1588 1401 cum
1603 1331 1811 1426 Olympicum

430 1433 636 1505 festivitatem
650 1429 831 1499 statuerunt
848 1425 890 1497 ad
903 1425 1067 1520 pristitum
1079 1424 1218 1496 formam
1231 1427 1397 1521 redigere,
1415 1448 1489 1500 mun
1504 1451 1669 1504 certarnen
1682 1433 1812 1527 gymni-

431 1557 507 1606 cum
521 1531 634 1602 edere.
683 1532 800 1620 Itaque
815 1527 967 1621 Delphos
980 1526 1153 1609 miserunt,
1173 1528 1233 1621 qui
1248 1530 1360 1598 Deum
1379 1531 1667 1621 percontarentur,
1688 1555 1729 1603 au
1743 1532 1811 1605 hoc
1841 1543 1844 1549 ’

430 1656 547 1706 eorum
562 1631 687 1724 probet
700 1626 879 1699 confilium.
931 1626 1165 1719 lsrespondit,
1185 1628 1272 1698 bona
1292 1650 1466 1713 eventura,
1488 1630 1512 1701 sr
1530 1633 1567 1702 id
1587 1654 1811 1726 exequantur:

430 1731 585 1825 jullitque
597 1730 694 1800 ferias
716 1721 817 1798 indici
829 1725 987 1818 rubibus,
1001 1749 1074 1819 quae
1095 1729 1279 1799 certaminis
1298 1730 1360 1800 effe
1378 1732 1502 1802 vellent
1514 1734 1707 1826 participes:
1730 1738 1811 1830 Quo

431 1835 567 1905 oraculo
582 1834 616 1900 in
630 1830 754 1900 Gracia
765 1829 974 1910 teruncium,
990 1825 1095 1897 discus
1107 1830 1205 1899 etiam
1218 1829 1422 1921 conscriptus
1433 1831 1510 1901 esta
1522 1835 1710 1903 Gracorun
1724 1824 1811 1919 judi·

431 1937 541 2014 tibur,
561 1954 645 2026 quos
667 1927 726 2020 ipsr
739 1927 966 1997 Hellanod'tcas
977 1948 1114 2011 vocant,
1133 1927 1272 1999 formam
1291 1930 1497 2022 agendorum
1514 1933 1746 2026 Olympiorum
1760 1935 1810 2003 in-

434 2034 541 2106 dicans
556 2040 617 2105 dcc.
649 2028 817 2121 Olympias
835 2050 917 2097 vero
932 2026 978 2097 est
991 2049 1135 2121 quatuor
1148 2052 1309 2100 annorum
1322 2033 1512 2102 Graecorum
1522 2034 1725 2132 inequalium
1739 2023 1810 2127 spa4

435 2138 532 2217 tium,
554 2155 626 2225 quo
645 2126 753 2221 elapso
766 2129 859 2216 jovis
880 2127 1025 2220 Olympii
1045 2127 1164 2222 agones
1179 2136 1211 2200 ὅ(
1229 2130 1300 2200 ludi
1313 2131 1401 2224 apud
1415 2135 1545 2224 Graecos
1558 2122 1810 2205 inorbemredi·

434 2238 524 2315 bant;
548 2238 592 2305 Et
605 2231 720 2300 habuit
732 2227 929 2299 chatadetes
943 2225 1196 2301 nobihllimos&
1211 2228 1419 2316 certiffimos,
1432 2231 1620 2325 utEclipses
1635 2234 1809 2328 quampla

432 2339 543 2416 rimas,
566 2334 607 2403 ad
621 2331 703 2401 lunc
716 2327 885 2423 Epocham
898 2330 1010 2398 relatas
1024 2353 1040 2397 a
1053 2328 1254 2419 Thucydide
1274 2331 1347 2403 Lib.
1361 2335 1402 2402 Il.
1422 2356 1459 2417 4.
1471 2358 1498 2418 7.
1521 2339 1582 2404 &o
1604 2337 1725 2412 &aliia
1746 2335 1811 2405 Di·
1886 2382 1890 2389 ·

430 2429 607 2529 stinguitur
622 2452 732 2502 autem
751 2428 917 2521 Olympias
931 2428 972 2498 ab
986 2451 1070 2499 anno
1084 2431 1325 2522 Olympiadico.
1376 2426 1544 2524 Olympias
1567 2435 1653 2503 enirn
1670 2445 1813 2505 uocatur

433 2557 503 2607 tum
517 2533 588 2628 ipse
601 2532 783 2620 Gymnicus
794 2528 905 2612 ludus,
921 2548 991 2599 tum
1000 2528 1205 2621 quadriennii
1213 2528 1367 2623 spatium,
1382 2554 1452 2624 quo
1466 2532 1593 2624 elapso,
1606 2531 1811 2605 solennitates

435 2636 480 2708 hx
493 2638 528 2705 in
533 2634 653 2703 orbem
666 2628 826 2701 redibant.
876 2629 1048 2701 Interdum
1064 2630 1202 2722 quidem
1214 2634 1479 2725 quinquennium
1492 2651 1651 2716 vocatur,
1661 2638 1740 2703 utin
1754 2634 1811 2704 illo

436 2760 501 2806 ovi
510 2758 573 2806 uir
597 2731 670 2806 Lib
683 2734 742 2802 lV.
755 2731 886 2823 Eleum
904 2732 938 2800 in
951 2729 1081 2819 Scythia
1101 2730 1195 2803 nobis
1208 2734 1428 2827 qumquemtis
1444 2732 1597 2826 Olympia
1612 2737 1678 2807 aur
1693 2734 1759 2806 est:
1779 2740 1814 2831 br

435 2837 520 2933 apud
546 2855 749 2907 senecam
770 2828 1118 2926 inllerculefurenter

652 2934 801 3032 Quantus
813 2931 938 3003 incedit
955 2933 1101 3027 populus
1112 2958 1174 3030 per
1186 2933 1298 3021 urbes,
1320 2996 1324 3002 .

652 3033 710 3105 Ad
724 3035 804 3102 novi
816 3032 912 3102 ludos
925 3035 1040 3103 avidus
1053 3032 1188 3119 theatri,

650 3133 925 3234 Quantuslileum
936 3135 1007 3204 tuit
1017 3133 1058 3204 ad
1065 3137 1266 3221 Tonantem,
1532 3207 1537 3214 .

548 3275 553 3284 ·
595 3257 599 3280 2
652 3235 776 3333 Qtinta
794 3230 1010 3305 cumhcmm
1030 3238 1203 3307 revocavit
1221 3235 1315 3308 estas.
1438 3236 1441 3241 ’
1467 3286 1473 3297 ·
1561 3301 1566 3309 .

435 3343 498 3415 Sed
513 3340 555 3411 ad
569 3359 690 3408 annum
710 3339 863 3429 quintum
881 3355 1075 3407 currentem
1084 3335 1260 3430 respicitur
1279 3359 1423 3422 tantum,
1445 3360 1652 3433 nequaquam
1666 3321 1820 3430 comple-⁵
1942 3350 1945 3354 ’

435 3465 524 3524 tum,
545 3436 819 3521 velhadatium,
842 3437 936 3530 quod
949 3437 1083 3508 videtur
1107 3460 1282 3509 ovtorus
1306 3440 1382 3510 alibi
1395 3442 1549 3524 inuuere,
1571 3440 1693 3510 fadum
1706 3439 1740 3507 id
1755 3436 1812 3521 est,
1966 3458 1968 3463 ⁴

436 3538 667 3615 econfiufione
679 3537 768 3608 lustri
784 3537 1082 3629 cun01ynpiaue.
1106 3541 1262 3632 Cognitio
1272 3538 1558 3633 Olympiadumest
1571 3540 1643 3612 sane
1651 3561 1811 3633 perquam

436 3643 541 3725 utilis,
553 3639 627 3710 stunt
640 3640 728 3709 enim
735 3638 985 3730 Olympicorum
999 3637 1154 3731 ludorum
1170 3641 1307 3733 catalogi
1324 3641 1417 3710 instar
1430 3642 1606 3711 Annalium
1620 3637 1813 3710 certilhmo-

437 3765 528 3825 nrm,
542 3740 583 3812 ab
597 3740 767 3809 oblivione
778 3737 1017 3810 vindicantium
1030 3762 1081 3809 res
1094 3740 1173 3809 olim
1188 3740 1305 3834 gestas,
1320 3749 1352 3809 in
1360 3743 1481 3811 Graecia
1496 3741 1667 3833 imprimis.
1721 3741 1813 3808 Hinc

437 3862 701 3914 inienuus:
724 3838 902 3941 Ms‘xptroit
924 3829 1151 3937 ohaytrrtrt'dur
1169 3832 1238 3918 illa
1256 3836 1390 3944 ἐκμβές
1410 3843 1563 3932 karum
1586 3839 1650 3924 τοῖς
1668 3828 1814 3926 isthmo·
1889 3934 1891 3938 y

438 3939 753 4031 AnteOlymp'ndes
766 3939 852 4007 nulla
865 3936 1152 4030 estamthraecos
1163 3963 1314 4011 accurate
1327 3939 1444 4033 scripta
1457 3940 1657 4010 historiabic.
1708 3937 1814 4007 Cella·

438 4065 512 4114 runt
529 4043 660 4111 circiter
673 4041 759 4110 circa
772 4058 892 4109 annum
902 4038 1020 4108 Christi
1035 4064 1090 4127 aa
1105 4041 1308 4134 temporibus
1316 4041 1521 4113 Comlantiui·
1530 4045 1580 4111 Μ.
1594 4038 1688 4125 cujus
1702 4041 1814 4108 aucto-

437 4148 530 4216 ritate
544 4140 731 4213 successerit
748 4139 967 4211 lnditlionum
978 4140 1122 4234 Epocha
1775 4166 1777 4171 ’

1067 4243 1088 4336 §
1138 4268 1183 4314 ιι.

546 4361 839 4429 tortumque
865 4333 1109 4455 Theologus
1130 4365 1251 4456 atque
1272 4332 1568 4454 Chronologus
1593 4361 1702 4429 anno
1718 4362 1815 4428 ante

438 4454 644 4555 Christum
660 4479 802 4542 natum
820 4458 914 4560 768⁴
944 4453 1011 4542 die
1029 4455 1248 4567 5.Maji,in
1264 4453 1431 4540 meridie
1445 4450 1620 4572 Eclipl'm
1634 4456 1740 4544 Solis
1754 4454 1821 4545 fa·'.
1931 4547 1933 4550 ,

438 4575 562 4674 bam,
586 4567 862 4659 &dimidium
878 4568 961 4680 ejus
983 4569 1238 4662 obscuratum
1260 4559 1373 4658 mille
1387 4566 1643 4661 inschemate
1658 4599 1816 4687 propo--

436 4691 516 4796 nit,
543 4711 666 4810 atque
683 4678 739 4777 ita
753 4681 834 4774 hoe
849 4713 958 4777 anno
967 4685 1192 4778 Romulum
1209 4677 1436 4778 &Remum
1444 4712 1701 4806 conceptum.
1730 4681 1815 4773 Sed
1840 4761 1843 4765 ,

528 4827 536 4839 '
1726 4829 1814 4888 non
