4925 5900
647 788 789 859 LOCA
814 787 1237 866 MATHEMATICA
1263 791 1629 870 ARISTOTELIS.
1761 823 1822 888 un
1901 887 1907 896 ,
1948 874 1954 886 ,

429 930 772 1021 ,Abduelionemz
788 960 921 1046 neque
937 932 1101 1049 quando
1114 933 1148 1022 -B
1160 933 1211 1035 C,
1228 930 1276 1023 fit
1290 934 1596 1042 immediatum,
1614 940 1692 1030 tale
1708 946 1818 1033 enim

445 1048 608 1138 scientia
626 1044 694 1133 est.
720 1075 804 1160 cap.
827 1076 891 1156 3¹·
1257 1121 1265 1136 .

462 1264 468 1275 Ι
538 1188 834 1252 nireocunrrs
854 1168 888 1233 in
909 1162 962 1233 sua
983 1164 1198 1256 quadratione
1216 1163 1394 1250 fallaciam,
1416 1193 1516 1261 quam
1537 1176 1701 1244 audorem
1724 1173 1819 1247 suum

429 1268 572 1348 ‚minime
586 1267 709 1336 lantill'e
726 1266 923 1358 putandum,
939 1264 1117 1348 commifit,
1141 1264 1235 1351 cujus
1252 1288 1537 1342 nnisroreurs
1550 1271 1665 1366 sapius
1677 1280 1820 1347 mentio·

428 1369 512 1437 'nem
526 1369 562 1434 in
576 1364 790 1459 sequentibus
804 1364 918 1435 saciet:
933 1451 937 1458 Ι
953 1365 1012 1458 qui
1035 1365 1121 1433 enini
1144 1365 1216 1437 lieri
1230 1366 1358 1458 polest,
1379 1390 1418 1437 ut
1441 1391 1505 1440 tarn
1530 1395 1643 1454 acutus
1665 1377 1818 1449 inventor

439 1468 521 1537 adeo
535 1466 742 1535 manifestum
763 1488 910 1535 errorem
931 1479 997 1534 no'n
1018 1465 1164 1549 vidisset,
1185 1487 1303 1535 verum
1315 1488 1456 1561 propter
1470 1473 1636 1544 adinventi
1651 1451 1813 1547 excelleti-

422 1570 529 1649 ‘tiam,
549 1569 674 1636 addori
690 1564 749 1636 suo
764 1566 887 1658 placuit
900 1562 1138 1658 Paralogifinus.
1196 1565 1355 1637 Mirabilis
1369 1588 1476 1640 tamen
1488 1569 1616 1664 semper
1640 1574 1747 1647 habita
1767 1577 1813 1647 ell

426 1667 485 1737 ¹illa
500 1668 619 1736 lunulae
633 1667 817 1760 quadratio.
848 1668 938 1736 Falla
951 1667 1053 1759 igitur
1068 1664 1113 1736 est
1127 1666 1279 1737 abduslio
1293 1668 1332 1737 ab
1346 1692 1470 1741 niano
1480 1695 1630 1760 cnnre,
1644 1699 1809 1773 nunquam
1932 1704 1937 1714 ·

425 1784 518 1839 *vero
535 1765 594 1836 nifi
609 1790 685 1837 cum
695 1764 908 1862 paralogismo
924 1766 1083 1860 quadrare
1095 1767 1215 1837 voluit.
1230 1788 1491 1843 annueretur.

694 1913 757 2000 Ex
773 1912 907 2028 primo
924 1889 1198 2032 Posteriorum
1214 1912 1556 2009 resolutoriorum.

424 2161 436 2176 ,
868 2107 874 2118 ·
937 2164 941 2170 ,
964 2159 968 2164 .
1034 2111 1038 2118 ·
1067 2070 1089 2162 s
1131 2095 1174 2156 17·
1669 2139 1673 2150 .

508 2182 512 2186 ’
548 2183 698 2284 Omnis
712 2181 912 2281 dodrinm
937 2183 974 2268 8(
991 2184 1125 2270 omnis
1142 2179 1345 2298 disciplina
1362 2182 1567 2274 discursrva
1584 2214 1634 2274 ex
1647 2190 1808 2302 praeexi·

424 2297 561 2410 ,stente
575 2299 623 2388 lit
637 2299 883 2413 cognitione.
941 2295 1202 2385 Manifestum
1214 2326 1350 2387 autem
1365 2300 1447 2388 hoc
1459 2297 1749 2416 speculantibus
1763 2307 1806 2391 in

424 2416 647 2515 ,omnibus3
661 2412 956 2508 Mathematicae
970 2442 1143 2530 namque
1154 2410 1406 2506 scientiarum
1421 2445 1492 2532 per
1505 2416 1615 2506 hunc
1631 2420 1805 2510 modum

424 2531 644 2619 «accedunt.
707 2528 1001 2641 Tenetuprimo.

425 2686 433 2694 ·
538 2650 726 2747 Quomodo
740 2645 978 2719 Mathematicae
989 2645 1069 2714 liant
1084 2665 1125 2718 ex
1140 2643 1336 2738 precedenti
1351 2650 1559 2741 cognitione,
1575 2648 1697 2719 scilicet
1711 2654 1803 2721 Prin·

427 2753 595 2843 cipiorum
608 2749 782 2842 perspicue
795 2747 935 2840 quilibet
949 2746 1092 2826 videbit,
1106 2748 1165 2839 qui
1179 2745 1291 2817 saltem
1303 2750 1447 2840 primum
1463 2749 1711 2818 Elementorum
1737 2772 1803 2818 nu-

433 2875 587 2933 rerum,
609 2851 662 2919 vel
681 2873 701 2920 e
719 2848 820 2935 januis
837 2846 1029 2939 inspexerit:
1053 2848 1244 2917 Praecedunr
1257 2851 1345 2918 eninr
1360 2851 1468 2941 prirno
1481 2851 1722 2941 principiorum
1742 2853 1802 2919 tria

431 2965 564 3047 genera,
583 2974 728 3044 quorum
745 2953 885 3041 primum
900 2951 1047 3016 continet
1061 2948 1268 3019 definitiones
1283 2947 1415 3035 subjecti
1431 2953 1644 3032 Geometriae‚
1667 2954 1706 3020 ut
1719 2951 1802 3022 deli-

430 3057 570 3155 nitiones
588 3053 692 3153 linea,
705 3049 889 3141 superficiei
904 3055 964 3117 dcc.
985 3050 1174 3118 Secundum
1187 3051 1336 3119 continet
1349 3049 1516 3120 Postulara.
1539 3053 1694 3120 Tertium
1708 3054 1799 3122 axio-

386 3200 391 3209 ·
424 3174 528 3234 nram,
544 3150 608 3225 seu
624 3142 978 3254 comunertomnium
995 3150 1247 3239 conceptiones,
1270 3157 1301 3220 dr
1323 3144 1575 3231 sententiam&
1595 3150 1714 3242 quibus
1730 3172 1799 3220 tan-

424 3278 527 3347 quam
544 3276 603 3323 ·ex
624 3252 798 3339 uberrimis
823 3257 854 3320 &
873 3247 1070 3319 cluistallinis
1091 3247 1238 3319 fontibus
1260 3248 1561 3320 Dernonstrationes
1582 3253 1799 3337 Geometncae

428 3356 630 3429 derivantur.
678 3352 774 3422 Nulla
796 3373 897 3443 porro
916 3349 974 3417 alia
990 3347 1121 3418 scientia
1136 3368 1201 3417 tam
1217 3349 1362 3420 dstinue
1374 3347 1427 3419 sua
1441 3351 1607 3442 premittit
1623 3352 1799 3442 principia.

423 3474 563 3555 ¹ramque
577 3449 763 3545 perspicua,
794 3449 877 3519 ficut
893 3447 1145 3531 Mathematicae,
1166 3469 1290 3519 utnon
1310 3451 1474 3520 immerito
1490 3447 1707 3542 Philosophus
1730 3473 1797 3530 eas,

421 3576 594 3647 remquam
607 3576 691 3622 verae
703 3550 841 3620 scientia
853 3571 989 3642 typum,
1002 3570 1146 3649 eumque
1161 3544 1313 3618 omnib'us
1327 3551 1471 3619 numeris
1485 3547 1667 3620 absolutum
1681 3549 1740 3619 sibi
1753 3551 1798 3629 ob

422 3650 541 3727 oculos
555 3642 784 3751 proposuerit,
805 3641 847 3721 e'x
868 3673 937 3743 quo
958 3672 1041 3719 vera
1062 3646 1199 3720 scientire
1219 3649 1475 3755 descriptionem
1494 3646 1582 3723 hisce
1601 3648 1689 3723 libris
1702 3672 1796 3721 corn-

421 3756 633 3853 plederetur.
657 3774 918 3825 nnnncnuus.
1022 3818 1025 3823 ,
1249 3744 1251 3749 ’
1700 3744 1706 3761 ’

1054 3873 1075 3965 §
1126 3885 1167 3947 ιε.

537 3994 670 4106 Qud
692 3994 800 4081 enim
817 4021 941 4081 omne
956 3990 1198 4105 triangulum
1214 3985 1338 4075 habet
1352 3985 1457 4074 duos
1472 3984 1589 4103 tellis
1603 3983 1793 4114 aquales,

421 4118 427 4129 '
502 4107 636 4210 scivit;
659 4110 797 4219 Qrod
819 4135 952 4197 autem
964 4109 1065 4206 hoc,
1081 4104 1194 4222 quod
1208 4101 1264 4189 est
1280 4105 1320 4189 in
1331 4099 1599 4199 senricirculo't
1614 4118 1790 4215 manger

417 4332 427 4345 ι
462 4254 506 4315 m
527 4222 606 4328 est,
626 4222 741 4311 simul
756 4225 949 4311 inducens
967 4222 1172 4338 cognovit.
1185 4220 1321 4305 Text.
1338 4216 1524 4304 secundo.
1607 4220 1610 4227 ’
1634 4244 1664 4333 ξ,
1758 4225 1764 4257 ’·

417 4420 423 4435 ,
518 4346 740 4439 Triangulum
754 4348 788 4414 in
803 4343 1004 4414 semicirculo
1019 4341 1081 4424 eli,
1102 4337 1194 4425 cujus
1214 4337 1292 4409 basrs
1308 4339 1468 4431 diameter
1487 4330 1596 4403 existit
1609 4338 1641 4404 δι
1653 4334 1789 4429 angulus

417 4444 554 4541 'quidam
570 4446 613 4516 ἐπ’(
629 4442 733 4515 tribus
747 4444 966 4540 peripheriam
979 4444 1118 4534 attingitss
1168 4439 1270 4535 Quod
1286 4439 1386 4530 igilur
1403 4459 1502 4506 omne
1523 4428 1717 4528 triangulum
1731 4432 1789 4503 ln·

419 4542 492 4619 hert
505 4568 573 4618 tres
587 4546 724 4639 angulos
738 4548 873 4639 equales
887 4545 1016 4613 duobus
1022 4543 1125 4622 tellis,
1134 4537 1294 4632 prescivit
1309 4536 1531 4608 universaliter
1545 4548 1606 4626 per
1616 4559 1660 4624 32.
1672 4535 1789 4626 primi;
1893 4569 1897 4576 ·

417 4650 509 4741 quod
522 4652 636 4718 autem
651 4644 717 4718 hoc
732 4647 921 4740 particulare
939 4643 1132 4735 triangulum
1145 4642 1178 4708 in
1193 4638 1400 4731 semicirculo
1419 4638 1536 4709 habeat
1556 4630 1693 4719 eandem
1707 4656 1788 4727 pro·

415 4753 608 4842 prietatem,
626 4747 719 4820 srmul
733 4772 771 4818 ac
783 4749 943 4841 quispiam
958 4742 1184 4814 animadvertit
1194 4732 1284 4808 ‘illud
1306 4732 1380 4812 esse'
1390 4740 1604 4834 triangulum,
1618 4732 1788 4901 cogposcit

522 4872 526 4879 ·
1665 4859 1682 4903 a
1706 4854 1789 4924 sque
