<?xml version="1.0" encoding="UTF-8"?>
<!DOCTYPE html PUBLIC "-//W3C//DTD XHTML 1.0 Transitional//EN"
    "http://www.w3.org/TR/xhtml1/DTD/xhtml1-transitional.dtd">
<html xmlns="http://www.w3.org/1999/xhtml" xml:lang="en" lang="en">
 <head>
  <title>
</title>
<meta http-equiv="Content-Type" content="text/html;charset=utf-8" />
  <meta name='ocr-system' content='tesseract 3.04.00' />
  <meta name='ocr-capabilities' content='ocr_page ocr_carea ocr_par ocr_line ocrx_word'/>
</head>
<body>
  <div class='ocr_page' id='page_1' title='image "./historiamathese00heilgoog_0740.png"; bbox 0 0 4925 5900; ppageno 0'>
   <div class='ocr_carea' id='block_1_1' title="bbox 489 797 1465 917">
    <p class='ocr_par' dir='ltr' id='par_1_1' title="bbox 489 797 1465 917">
     <span class='ocr_line' id='line_1_1' title="bbox 489 797 1465 917; baseline -0.011 -27"><span class='ocrx_word' id='word_1_1' title='bbox 489 821 553 917; x_wconf 75' lang='lat' dir='ltr'>rai</span> <span class='ocrx_word' id='word_1_2' title='bbox 650 877 654 900; x_wconf 89' lang='grc'>,</span> <span class='ocrx_word' id='word_1_3' title='bbox 764 805 768 812; x_wconf 87' lang='grc'><strong>’</strong></span> <span class='ocrx_word' id='word_1_4' title='bbox 920 797 1465 881; x_wconf 72' lang='lat' dir='ltr'>erasarucnrort&#39;</span> 
     </span>
    </p>
   </div>
   <div class='ocr_carea' id='block_1_2' title="bbox 411 951 1869 4829">
    <p class='ocr_par' dir='ltr' id='par_1_2' title="bbox 411 951 1869 4829">
     <span class='ocr_line' id='line_1_2' title="bbox 491 951 1865 1062; baseline -0.016 -17"><span class='ocrx_word' id='word_1_5' title='bbox 491 964 724 1062; x_wconf 81' lang='lat' dir='ltr'>„soiistrorsum</span> <span class='ocrx_word' id='word_1_6' title='bbox 734 958 880 1041; x_wconf 78' lang='lat' dir='ltr'>flexeris,</span> <span class='ocrx_word' id='word_1_7' title='bbox 894 957 955 1028; x_wconf 86' lang='lat' dir='ltr'>liet</span> <span class='ocrx_word' id='word_1_8' title='bbox 967 983 992 1044; x_wconf 85' lang='lat'>3.</span> <span class='ocrx_word' id='word_1_9' title='bbox 1027 961 1092 1025; x_wconf 84' lang='lat' dir='ltr'>Res</span> <span class='ocrx_word' id='word_1_10' title='bbox 1106 954 1172 1047; x_wconf 86' lang='lat' dir='ltr'>ipsa</span> <span class='ocrx_word' id='word_1_11' title='bbox 1186 958 1355 1048; x_wconf 90' lang='lat' dir='ltr'>loquitut;</span> <span class='ocrx_word' id='word_1_12' title='bbox 1378 981 1415 1042; x_wconf 88' lang='lat'>4.</span> <span class='ocrx_word' id='word_1_13' title='bbox 1430 951 1619 1048; x_wconf 80' lang='lat' dir='ltr'>ipfisfimum</span> <span class='ocrx_word' id='word_1_14' title='bbox 1632 953 1698 1026; x_wconf 84' lang='lat' dir='ltr'>ed&#39;e</span> <span class='ocrx_word' id='word_1_15' title='bbox 1720 961 1762 1040; x_wconf 83' lang='grc' dir='ltr'>Δ,</span> <span class='ocrx_word' id='word_1_16' title='bbox 1775 952 1865 1041; x_wconf 77' lang='lat' dir='ltr'>cujus</span> 
     </span>
     <span class='ocr_line' id='line_1_3' title="bbox 494 1051 1865 1164; baseline -0.013 -21"><span class='ocrx_word' id='word_1_17' title='bbox 494 1085 591 1164; x_wconf 87' lang='lat' dir='ltr'>,&#39;,crus</span> <span class='ocrx_word' id='word_1_18' title='bbox 603 1067 761 1140; x_wconf 81' lang='lat' dir='ltr'>finistrum</span> <span class='ocrx_word' id='word_1_19' title='bbox 772 1061 912 1154; x_wconf 82' lang='lat' dir='ltr'>erigitur</span> <span class='ocrx_word' id='word_1_20' title='bbox 923 1053 1019 1129; x_wconf 71' lang='lat' dir='ltr'>torol</span> <span class='ocrx_word' id='word_1_21' title='bbox 1035 1051 1195 1148; x_wconf 70' lang='lat' dir='ltr'>ausberti,</span> <span class='ocrx_word' id='word_1_22' title='bbox 1222 1055 1349 1125; x_wconf 86' lang='lat' dir='ltr'>&amp;infra</span> <span class='ocrx_word' id='word_1_23' title='bbox 1370 1054 1453 1125; x_wconf 90' lang='lat' dir='ltr'>basin</span> <span class='ocrx_word' id='word_1_24' title='bbox 1478 1054 1664 1134; x_wconf 88' lang='lat' dir='ltr'>descendit;</span> <span class='ocrx_word' id='word_1_25' title='bbox 1691 1055 1865 1126; x_wconf 73' lang='lat' dir='ltr'>bafis&#39;nero</span> 
     </span>
     <span class='ocr_line' id='line_1_4' title="bbox 474 1154 1867 1268; baseline -0.015 -23"><span class='ocrx_word' id='word_1_26' title='bbox 474 1227 477 1232; x_wconf 88' lang='lat'><em>-</em></span> <span class='ocrx_word' id='word_1_27' title='bbox 496 1171 584 1268; x_wconf 85' lang='lat' dir='ltr'>„ipsa</span> <span class='ocrx_word' id='word_1_28' title='bbox 598 1170 682 1239; x_wconf 87' lang='lat' dir='ltr'>ultra</span> <span class='ocrx_word' id='word_1_29' title='bbox 698 1186 772 1234; x_wconf 89' lang='lat' dir='ltr'>crus</span> <span class='ocrx_word' id='word_1_30' title='bbox 785 1155 1085 1253; x_wconf 81' lang='lat' dir='ltr'>produaaeiiiinet.</span> <span class='ocrx_word' id='word_1_31' title='bbox 1162 1155 1263 1224; x_wconf 86' lang='lat' dir='ltr'>Vides</span> <span class='ocrx_word' id='word_1_32' title='bbox 1273 1177 1371 1246; x_wconf 89' lang='lat' dir='ltr'>quam</span> <span class='ocrx_word' id='word_1_33' title='bbox 1392 1180 1409 1236; x_wconf 95' lang='lat'>5</span> <span class='ocrx_word' id='word_1_34' title='bbox 1428 1155 1532 1223; x_wconf 83' lang='lat' dir='ltr'>fimilis</span> <span class='ocrx_word' id='word_1_35' title='bbox 1554 1154 1593 1224; x_wconf 88' lang='lat' dir='ltr'>lit</span> <span class='ocrx_word' id='word_1_36' title='bbox 1614 1157 1662 1247; x_wconf 69' lang='grc' dir='ltr'>τῷ</span> <span class='ocrx_word' id='word_1_37' title='bbox 1685 1184 1725 1236; x_wconf 71' lang='grc' dir='ltr'>ες</span> <span class='ocrx_word' id='word_1_38' title='bbox 1757 1155 1867 1226; x_wconf 85' lang='lat' dir='ltr'>infimo</span> 
     </span>
     <span class='ocr_line' id='line_1_5' title="bbox 497 1251 1867 1362; baseline -0.018 -17"><span class='ocrx_word' id='word_1_39' title='bbox 497 1289 644 1362; x_wconf 85' lang='lat' dir='ltr'>„tantum</span> <span class='ocrx_word' id='word_1_40' title='bbox 657 1259 876 1337; x_wconf 82' lang='lat' dir='ltr'>semicirculo,</span> <span class='ocrx_word' id='word_1_41' title='bbox 889 1257 949 1347; x_wconf 91' lang='lat' dir='ltr'>qui</span> <span class='ocrx_word' id='word_1_42' title='bbox 962 1251 1172 1322; x_wconf 85' lang='lat' dir='ltr'>finistrorsum</span> <span class='ocrx_word' id='word_1_43' title='bbox 1187 1255 1328 1343; x_wconf 87' lang='lat' dir='ltr'>patebat,</span> <span class='ocrx_word' id='word_1_44' title='bbox 1340 1254 1547 1324; x_wconf 81' lang='lat' dir='ltr'>dextrorsum</span> <span class='ocrx_word' id='word_1_45' title='bbox 1561 1252 1743 1323; x_wconf 86' lang='lat' dir='ltr'>converso:</span> <span class='ocrx_word' id='word_1_46' title='bbox 1755 1251 1867 1338; x_wconf 61' lang='grc' dir='ltr'><strong><em>ἐπίση-</em></strong></span> 
     </span>
     <span class='ocr_line' id='line_1_6' title="bbox 499 1353 1868 1470; baseline -0.008 -36"><span class='ocrx_word' id='word_1_47' title='bbox 499 1401 579 1470; x_wconf 57' lang='lat' dir='ltr'>„pov</span> <span class='ocrx_word' id='word_1_48' title='bbox 600 1367 685 1460; x_wconf 61' lang='grc' dir='ltr'>βᾱυ,</span> <span class='ocrx_word' id='word_1_49' title='bbox 705 1360 799 1456; x_wconf 90' lang='lat' dir='ltr'>quod</span> <span class='ocrx_word' id='word_1_50' title='bbox 812 1361 854 1440; x_wconf 78' lang='lat' dir='ltr'>ita</span> <span class='ocrx_word' id='word_1_51' title='bbox 867 1355 1050 1434; x_wconf 75' lang='lat' dir='ltr'>notabatur,</span> <span class='ocrx_word' id='word_1_52' title='bbox 1065 1377 1105 1446; x_wconf 77' lang='grc' dir='ltr'>ς,</span> <span class='ocrx_word' id='word_1_53' title='bbox 1122 1353 1302 1420; x_wconf 81' lang='lat' dir='ltr'>rotundato</span> <span class='ocrx_word' id='word_1_54' title='bbox 1319 1374 1445 1434; x_wconf 85' lang='lat' dir='ltr'>ventre,</span> <span class='ocrx_word' id='word_1_55' title='bbox 1460 1354 1547 1443; x_wconf 88' lang='lat' dir='ltr'>pede</span> <span class='ocrx_word' id='word_1_56' title='bbox 1560 1354 1726 1430; x_wconf 73' lang='lat' dir='ltr'>deiratio.</span> <span class='ocrx_word' id='word_1_57' title='bbox 1742 1357 1868 1448; x_wconf 81' lang='lat' dir='ltr'>peperit</span> 
     </span>
     <span class='ocr_line' id='line_1_7' title="bbox 501 1447 1868 1560; baseline -0.011 -21"><span class='ocrx_word' id='word_1_58' title='bbox 501 1471 563 1560; x_wconf 63' lang='lat'>„73</span> <span class='ocrx_word' id='word_1_59' title='bbox 583 1479 617 1540; x_wconf 88' lang='lat'>6.</span> <span class='ocrx_word' id='word_1_60' title='bbox 665 1469 751 1536; x_wconf 79' lang='lat' dir='ltr'>Exz</span> <span class='ocrx_word' id='word_1_61' title='bbox 766 1456 828 1528; x_wconf 87' lang='lat' dir='ltr'>basi</span> <span class='ocrx_word' id='word_1_62' title='bbox 842 1455 896 1524; x_wconf 87' lang='lat' dir='ltr'>sua</span> <span class='ocrx_word' id='word_1_63' title='bbox 909 1455 1057 1532; x_wconf 77' lang='lat' dir='ltr'>multam,</span> <span class='ocrx_word' id='word_1_64' title='bbox 1071 1471 1182 1518; x_wconf 82' lang='lat' dir='ltr'>omini</span> <span class='ocrx_word' id='word_1_65' title='bbox 1193 1451 1241 1519; x_wconf 87' lang='lat' dir='ltr'>est</span> <span class='ocrx_word' id='word_1_66' title='bbox 1254 1447 1326 1534; x_wconf 68' lang='grc' dir='ltr'>τὲγ.</span> <span class='ocrx_word' id='word_1_67' title='bbox 1351 1450 1374 1518; x_wconf 92' lang='lat' dir='ltr'>si</span> <span class='ocrx_word' id='word_1_68' title='bbox 1389 1457 1424 1520; x_wconf 87' lang='grc' dir='ltr'>Η</span> <span class='ocrx_word' id='word_1_69' title='bbox 1436 1452 1562 1520; x_wconf 83' lang='lat' dir='ltr'>inflexis</span> <span class='ocrx_word' id='word_1_70' title='bbox 1576 1451 1757 1522; x_wconf 80' lang='lat' dir='ltr'>introrsum</span> <span class='ocrx_word' id='word_1_71' title='bbox 1771 1455 1868 1546; x_wconf 78' lang='lat' dir='ltr'>apici·</span> 
     </span>
     <span class='ocr_line' id='line_1_8' title="bbox 501 1550 1868 1658; baseline -0.014 -20"><span class='ocrx_word' id='word_1_72' title='bbox 501 1575 582 1658; x_wconf 87' lang='lat' dir='ltr'>„bus</span> <span class='ocrx_word' id='word_1_73' title='bbox 598 1571 633 1637; x_wconf 93' lang='lat' dir='ltr'>in</span> <span class='ocrx_word' id='word_1_74' title='bbox 645 1560 875 1634; x_wconf 87' lang='lat' dir='ltr'>rotundiorem</span> <span class='ocrx_word' id='word_1_75' title='bbox 897 1551 1211 1624; x_wconf 84' lang='lat' dir='ltr'>&amp;commodiorem</span> <span class='ocrx_word' id='word_1_76' title='bbox 1236 1550 1371 1618; x_wconf 84' lang='lat' dir='ltr'>formam</span> <span class='ocrx_word' id='word_1_77' title='bbox 1395 1554 1586 1632; x_wconf 81' lang='lat' dir='ltr'>mutaveris,</span> <span class='ocrx_word' id='word_1_78' title='bbox 1612 1550 1771 1646; x_wconf 74' lang='lat' dir='ltr'>exsurget</span> <span class='ocrx_word' id='word_1_79' title='bbox 1788 1551 1868 1630; x_wconf 66' lang='lat' dir='ltr'>rin.</span> 
     </span>
     <span class='ocr_line' id='line_1_9' title="bbox 501 1649 1868 1760; baseline -0.011 -23"><span class='ocrx_word' id='word_1_80' title='bbox 501 1677 571 1760; x_wconf 86' lang='lat' dir='ltr'>„At</span> <span class='ocrx_word' id='word_1_81' title='bbox 583 1695 604 1758; x_wconf 89' lang='lat'>9</span> <span class='ocrx_word' id='word_1_82' title='bbox 617 1661 805 1758; x_wconf 86' lang='lat' dir='ltr'>ipsissimum</span> <span class='ocrx_word' id='word_1_83' title='bbox 818 1649 914 1726; x_wconf 65' lang='lat' dir='ltr'>estb-</span> <span class='ocrx_word' id='word_1_84' title='bbox 941 1655 1027 1720; x_wconf 89' lang='lat' dir='ltr'>Zero</span> <span class='ocrx_word' id='word_1_85' title='bbox 1040 1653 1200 1745; x_wconf 78' lang='lat' dir='ltr'>pontium</span> <span class='ocrx_word' id='word_1_86' title='bbox 1211 1652 1319 1739; x_wconf 85' lang='lat' dir='ltr'>primo</span> <span class='ocrx_word' id='word_1_87' title='bbox 1334 1651 1465 1718; x_wconf 88' lang='lat' dir='ltr'>videtur</span> <span class='ocrx_word' id='word_1_88' title='bbox 1477 1650 1588 1731; x_wconf 78' lang='lat' dir='ltr'>fuisse,</span> <span class='ocrx_word' id='word_1_89' title='bbox 1606 1652 1649 1720; x_wconf 92' lang='lat' dir='ltr'>ad</span> <span class='ocrx_word' id='word_1_90' title='bbox 1664 1653 1868 1746; x_wconf 83' lang='lat' dir='ltr'>decuplieem</span> 
     </span>
     <span class='ocr_line' id='line_1_10' title="bbox 451 1748 1866 1868; baseline -0.005 -40"><span class='ocrx_word' id='word_1_91' title='bbox 451 1819 456 1828; x_wconf 85' lang='lat'><strong>.</strong></span> <span class='ocrx_word' id='word_1_92' title='bbox 500 1765 732 1868; x_wconf 74' lang='lat' dir='ltr'>„precedentis</span> <span class='ocrx_word' id='word_1_93' title='bbox 746 1777 831 1825; x_wconf 73' lang='lat' dir='ltr'>note</span> <span class='ocrx_word' id='word_1_94' title='bbox 844 1753 987 1822; x_wconf 78' lang='lat' dir='ltr'>valorem</span> <span class='ocrx_word' id='word_1_95' title='bbox 1006 1749 1234 1841; x_wconf 80' lang='lat' dir='ltr'>defignandum</span> <span class='ocrx_word' id='word_1_96' title='bbox 1249 1751 1369 1839; x_wconf 89' lang='lat' dir='ltr'>apponi</span> <span class='ocrx_word' id='word_1_97' title='bbox 1384 1748 1529 1817; x_wconf 82' lang='lat' dir='ltr'>solitum:</span> <span class='ocrx_word' id='word_1_98' title='bbox 1552 1753 1648 1841; x_wconf 88' lang='lat' dir='ltr'>quod</span> <span class='ocrx_word' id='word_1_99' title='bbox 1663 1756 1866 1846; x_wconf 81' lang='lat' dir='ltr'>utmagisap-</span> 
     </span>
     <span class='ocr_line' id='line_1_11' title="bbox 500 1847 1866 1968; baseline -0.015 -26"><span class='ocrx_word' id='word_1_100' title='bbox 500 1885 661 1968; x_wconf 67' lang='lat' dir='ltr'>„pareret</span> <span class='ocrx_word' id='word_1_101' title='bbox 674 1857 893 1950; x_wconf 79' lang='lat' dir='ltr'>insigniusque</span> <span class='ocrx_word' id='word_1_102' title='bbox 907 1849 1004 1918; x_wconf 85' lang='lat' dir='ltr'>fieret</span> <span class='ocrx_word' id='word_1_103' title='bbox 1017 1857 1047 1917; x_wconf 68' lang='grc' dir='ltr'>ὁ(</span> <span class='ocrx_word' id='word_1_104' title='bbox 1063 1847 1201 1928; x_wconf 79' lang='lat' dir='ltr'>crassus,</span> <span class='ocrx_word' id='word_1_105' title='bbox 1215 1848 1439 1916; x_wconf 70' lang='lat' dir='ltr'>circumdatio</span> <span class='ocrx_word' id='word_1_106' title='bbox 1449 1851 1482 1916; x_wconf 91' lang='lat' dir='ltr'>in</span> <span class='ocrx_word' id='word_1_107' title='bbox 1497 1851 1658 1918; x_wconf 90' lang='lat' dir='ltr'>circulum</span> <span class='ocrx_word' id='word_1_108' title='bbox 1673 1853 1796 1922; x_wconf 87' lang='lat' dir='ltr'>calamo</span> <span class='ocrx_word' id='word_1_109' title='bbox 1803 1851 1866 1944; x_wconf 88' lang='lat' dir='ltr'>spa·</span> 
     </span>
     <span class='ocr_line' id='line_1_12' title="bbox 411 1946 1866 2058; baseline -0.014 -23"><span class='ocrx_word' id='word_1_110' title='bbox 411 2033 415 2042; x_wconf 85' lang='grc'>,</span> <span class='ocrx_word' id='word_1_111' title='bbox 501 1975 606 2058; x_wconf 89' lang='lat' dir='ltr'>„tium</span> <span class='ocrx_word' id='word_1_112' title='bbox 618 1967 722 2040; x_wconf 87' lang='lat' dir='ltr'>inane,</span> <span class='ocrx_word' id='word_1_113' title='bbox 736 1951 944 2047; x_wconf 84' lang='lat' dir='ltr'>properantia</span> <span class='ocrx_word' id='word_1_114' title='bbox 961 1949 1116 2040; x_wconf 88' lang='lat' dir='ltr'>primum,</span> <span class='ocrx_word' id='word_1_115' title='bbox 1134 1947 1254 2014; x_wconf 88' lang='lat' dir='ltr'>deinde</span> <span class='ocrx_word' id='word_1_116' title='bbox 1269 1946 1506 2016; x_wconf 86' lang='lat' dir='ltr'>consuetudine</span> <span class='ocrx_word' id='word_1_117' title='bbox 1522 1951 1670 2018; x_wconf 78' lang='lat' dir='ltr'>relitlum</span> <span class='ocrx_word' id='word_1_118' title='bbox 1689 1953 1747 2022; x_wconf 86' lang='lat' dir='ltr'>est.</span> <span class='ocrx_word' id='word_1_119' title='bbox 1782 1955 1866 2022; x_wconf 81' lang='lat' dir='ltr'>Hine</span> 
     </span>
     <span class='ocr_line' id='line_1_13' title="bbox 500 2046 1867 2158; baseline -0.014 -21"><span class='ocrx_word' id='word_1_120' title='bbox 500 2066 649 2158; x_wconf 82' lang='lat' dir='ltr'>„Arabes</span> <span class='ocrx_word' id='word_1_121' title='bbox 662 2065 694 2129; x_wconf 73' lang='lat' dir='ltr'>o</span> <span class='ocrx_word' id='word_1_122' title='bbox 707 2051 806 2126; x_wconf 79' lang='lat' dir='ltr'>Perse</span> <span class='ocrx_word' id='word_1_123' title='bbox 814 2069 925 2118; x_wconf 87' lang='lat' dir='ltr'>notam</span> <span class='ocrx_word' id='word_1_124' title='bbox 938 2047 1032 2126; x_wconf 88' lang='lat' dir='ltr'>hanc,</span> <span class='ocrx_word' id='word_1_125' title='bbox 1046 2068 1113 2113; x_wconf 92' lang='lat' dir='ltr'>non</span> <span class='ocrx_word' id='word_1_126' title='bbox 1127 2046 1241 2113; x_wconf 86' lang='lat' dir='ltr'>circuli</span> <span class='ocrx_word' id='word_1_127' title='bbox 1253 2066 1378 2113; x_wconf 78' lang='lat' dir='ltr'>tantum</span> <span class='ocrx_word' id='word_1_128' title='bbox 1393 2047 1518 2138; x_wconf 84' lang='lat' dir='ltr'>figura,</span> <span class='ocrx_word' id='word_1_129' title='bbox 1556 2046 1612 2118; x_wconf 91' lang='lat' dir='ltr'>sed</span> <span class='ocrx_word' id='word_1_130' title='bbox 1629 2053 1754 2140; x_wconf 69' lang='lat' dir='ltr'>pundo</span> <span class='ocrx_word' id='word_1_131' title='bbox 1776 2053 1867 2122; x_wconf 84' lang='lat' dir='ltr'>etiam</span> 
     </span>
     <span class='ocr_line' id='line_1_14' title="bbox 502 2146 1869 2256; baseline -0.01 -21"><span class='ocrx_word' id='word_1_132' title='bbox 502 2162 674 2256; x_wconf 87' lang='lat' dir='ltr'>„crassiore</span> <span class='ocrx_word' id='word_1_133' title='bbox 684 2154 887 2246; x_wconf 72' lang='lat' dir='ltr'>exprimunt,</span> <span class='ocrx_word' id='word_1_134' title='bbox 898 2169 997 2239; x_wconf 91' lang='lat' dir='ltr'>quam</span> <span class='ocrx_word' id='word_1_135' title='bbox 1011 2151 1041 2214; x_wconf 79' lang='grc' dir='ltr'>δι</span> <span class='ocrx_word' id='word_1_136' title='bbox 1055 2155 1130 2223; x_wconf 63' lang='grc' dir='ltr'>Ἦ</span> <span class='ocrx_word' id='word_1_137' title='bbox 1144 2146 1320 2235; x_wconf 60' lang='lat' dir='ltr'>appellarim</span> <span class='ocrx_word' id='word_1_138' title='bbox 1341 2147 1429 2214; x_wconf 87' lang='lat' dir='ltr'>unde</span> <span class='ocrx_word' id='word_1_139' title='bbox 1443 2147 1643 2217; x_wconf 87' lang='lat' dir='ltr'>vocabulum</span> <span class='ocrx_word' id='word_1_140' title='bbox 1659 2150 1759 2230; x_wconf 83' lang='lat' dir='ltr'>Cisra,</span> <span class='ocrx_word' id='word_1_141' title='bbox 1780 2149 1869 2244; x_wconf 88' lang='lat' dir='ltr'>quod</span> 
     </span>
     <span class='ocr_line' id='line_1_15' title="bbox 503 2242 1866 2358; baseline -0.01 -28"><span class='ocrx_word' id='word_1_142' title='bbox 503 2267 642 2358; x_wconf 78' lang='lat' dir='ltr'>‚,vulgus</span> <span class='ocrx_word' id='word_1_143' title='bbox 653 2255 694 2328; x_wconf 90' lang='lat' dir='ltr'>ab</span> <span class='ocrx_word' id='word_1_144' title='bbox 707 2253 840 2325; x_wconf 84' lang='lat' dir='ltr'>Ebraica</span> <span class='ocrx_word' id='word_1_145' title='bbox 859 2248 967 2317; x_wconf 90' lang='lat' dir='ltr'>radice</span> <span class='ocrx_word' id='word_1_146' title='bbox 979 2253 1057 2323; x_wconf 52' lang='lat' dir='ltr'>nno</span> <span class='ocrx_word' id='word_1_147' title='bbox 1078 2245 1215 2315; x_wconf 88' lang='lat' dir='ltr'>derivat.</span> <span class='ocrx_word' id='word_1_148' title='bbox 1264 2242 1321 2314; x_wconf 87' lang='lat' dir='ltr'>Ad</span> <span class='ocrx_word' id='word_1_149' title='bbox 1343 2243 1425 2314; x_wconf 80' lang='lat' dir='ltr'>hanc</span> <span class='ocrx_word' id='word_1_150' title='bbox 1444 2266 1596 2316; x_wconf 85' lang='lat' dir='ltr'>notatum</span> <span class='ocrx_word' id='word_1_151' title='bbox 1617 2246 1866 2340; x_wconf 77' lang='lat' dir='ltr'>sinulinidinem,</span> 
     </span>
     <span class='ocr_line' id='line_1_16' title="bbox 502 2343 1868 2456; baseline -0.012 -19"><span class='ocrx_word' id='word_1_152' title='bbox 502 2365 547 2456; x_wconf 82' lang='lat' dir='ltr'>„li</span> <span class='ocrx_word' id='word_1_153' title='bbox 561 2364 753 2435; x_wconf 88' lang='lat' dir='ltr'>advertetur</span> <span class='ocrx_word' id='word_1_154' title='bbox 762 2350 899 2428; x_wconf 84' lang='lat' dir='ltr'>animus,</span> <span class='ocrx_word' id='word_1_155' title='bbox 912 2345 1050 2414; x_wconf 90' lang='lat' dir='ltr'>dubium</span> <span class='ocrx_word' id='word_1_156' title='bbox 1070 2365 1167 2412; x_wconf 90' lang='lat' dir='ltr'>omne</span> <span class='ocrx_word' id='word_1_157' title='bbox 1179 2343 1324 2412; x_wconf 88' lang='lat' dir='ltr'>tolletur.</span> <span class='ocrx_word' id='word_1_158' title='bbox 1396 2348 1594 2416; x_wconf 89' lang='lat' dir='ltr'>Sententiam</span> <span class='ocrx_word' id='word_1_159' title='bbox 1615 2347 1757 2418; x_wconf 86' lang='lat' dir='ltr'>nostram</span> <span class='ocrx_word' id='word_1_160' title='bbox 1776 2352 1868 2420; x_wconf 82' lang='lat' dir='ltr'>uniet</span> 
     </span>
     <span class='ocr_line' id='line_1_17' title="bbox 501 2440 1868 2555; baseline -0.01 -23"><span class='ocrx_word' id='word_1_161' title='bbox 501 2461 706 2555; x_wconf 70' lang='lat' dir='ltr'>„confirmat</span> <span class='ocrx_word' id='word_1_162' title='bbox 719 2448 813 2545; x_wconf 90' lang='lat' dir='ltr'>qood</span> <span class='ocrx_word' id='word_1_163' title='bbox 827 2443 952 2537; x_wconf 75' lang='lat' dir='ltr'>scripsit</span> <span class='ocrx_word' id='word_1_164' title='bbox 971 2440 1202 2516; x_wconf 86' lang='lat' dir='ltr'>eruditissimus</span> <span class='ocrx_word' id='word_1_165' title='bbox 1214 2464 1382 2510; x_wconf 87' lang='lat' dir='ltr'>vossius</span> <span class='ocrx_word' id='word_1_166' title='bbox 1396 2444 1429 2510; x_wconf 90' lang='lat' dir='ltr'>in</span> <span class='ocrx_word' id='word_1_167' title='bbox 1444 2446 1589 2528; x_wconf 89' lang='lat' dir='ltr'>Melam,</span> <span class='ocrx_word' id='word_1_168' title='bbox 1630 2445 1664 2517; x_wconf 92' lang='lat' dir='ltr'>se</span> <span class='ocrx_word' id='word_1_169' title='bbox 1687 2467 1776 2518; x_wconf 79' lang='lat' dir='ltr'>notas</span> <span class='ocrx_word' id='word_1_170' title='bbox 1804 2450 1868 2518; x_wconf 77' lang='lat' dir='ltr'>illas</span> 
     </span>
     <span class='ocr_line' id='line_1_18' title="bbox 502 2539 1867 2656; baseline -0.007 -32"><span class='ocrx_word' id='word_1_171' title='bbox 502 2565 673 2656; x_wconf 74' lang='lat' dir='ltr'>„vulgares</span> <span class='ocrx_word' id='word_1_172' title='bbox 685 2544 932 2645; x_wconf 80' lang='lat' dir='ltr'>deprehendisse</span> <span class='ocrx_word' id='word_1_173' title='bbox 950 2546 983 2612; x_wconf 90' lang='lat' dir='ltr'>in</span> <span class='ocrx_word' id='word_1_174' title='bbox 996 2543 1123 2612; x_wconf 90' lang='lat' dir='ltr'>Codice</span> <span class='ocrx_word' id='word_1_175' title='bbox 1142 2539 1367 2631; x_wconf 81' lang='lat' dir='ltr'>Manuscripto</span> <span class='ocrx_word' id='word_1_176' title='bbox 1392 2542 1498 2628; x_wconf 83' lang='lat' dir='ltr'>(cujus</span> <span class='ocrx_word' id='word_1_177' title='bbox 1520 2548 1695 2637; x_wconf 86' lang='lat' dir='ltr'>antiquitas</span> <span class='ocrx_word' id='word_1_178' title='bbox 1714 2550 1774 2619; x_wconf 85' lang='lat' dir='ltr'>erit</span> <span class='ocrx_word' id='word_1_179' title='bbox 1789 2569 1867 2640; x_wconf 88' lang='lat' dir='ltr'>pro·</span> 
     </span>
     <span class='ocr_line' id='line_1_19' title="bbox 502 2642 1865 2754; baseline -0.018 -18"><span class='ocrx_word' id='word_1_180' title='bbox 502 2661 639 2754; x_wconf 87' lang='lat' dir='ltr'>„banda)</span> <span class='ocrx_word' id='word_1_181' title='bbox 655 2649 1111 2726; x_wconf 75' lang='lat' dir='ltr'>Geomenieoiumooirii,</span> <span class='ocrx_word' id='word_1_182' title='bbox 1136 2648 1166 2710; x_wconf 77' lang='grc' dir='ltr'>δι</span> <span class='ocrx_word' id='word_1_183' title='bbox 1181 2642 1214 2707; x_wconf 83' lang='grc' dir='ltr'>ἰη</span> <span class='ocrx_word' id='word_1_184' title='bbox 1229 2643 1492 2712; x_wconf 74' lang='lat' dir='ltr'>iiotissrntcn</span> <span class='ocrx_word' id='word_1_185' title='bbox 1504 2666 1543 2712; x_wconf 90' lang='lat' dir='ltr'>ac</span> <span class='ocrx_word' id='word_1_186' title='bbox 1558 2668 1709 2716; x_wconf 76' lang='lat' dir='ltr'>arnoia</span> <span class='ocrx_word' id='word_1_187' title='bbox 1721 2671 1765 2715; x_wconf 86' lang='lat' dir='ltr'>is.</span> <span class='ocrx_word' id='word_1_188' title='bbox 1798 2651 1865 2718; x_wconf 84' lang='lat' dir='ltr'>Un-</span> 
     </span>
     <span class='ocr_line' id='line_1_20' title="bbox 504 2740 1864 2852; baseline -0.025 -18"><span class='ocrx_word' id='word_1_189' title='bbox 504 2766 569 2852; x_wconf 88' lang='lat' dir='ltr'>„de</span> <span class='ocrx_word' id='word_1_190' title='bbox 582 2759 668 2830; x_wconf 69' lang='lat' dir='ltr'>telle</span> <span class='ocrx_word' id='word_1_191' title='bbox 680 2747 860 2828; x_wconf 86' lang='lat' dir='ltr'>concludit,</span> <span class='ocrx_word' id='word_1_192' title='bbox 876 2741 1068 2813; x_wconf 87' lang='lat' dir='ltr'>vetustiores</span> <span class='ocrx_word' id='word_1_193' title='bbox 1082 2740 1143 2810; x_wconf 87' lang='lat' dir='ltr'>esse</span> <span class='ocrx_word' id='word_1_194' title='bbox 1157 2762 1196 2808; x_wconf 87' lang='lat' dir='ltr'>ac</span> <span class='ocrx_word' id='word_1_195' title='bbox 1209 2741 1309 2830; x_wconf 83' lang='lat' dir='ltr'>vulgo</span> <span class='ocrx_word' id='word_1_196' title='bbox 1330 2741 1485 2808; x_wconf 91' lang='lat' dir='ltr'>creditur.</span> <span class='ocrx_word' id='word_1_197' title='bbox 1535 2745 1625 2834; x_wconf 82' lang='lat' dir='ltr'>Ergo</span> <span class='ocrx_word' id='word_1_198' title='bbox 1641 2747 1788 2816; x_wconf 56' lang='lat' dir='ltr'>Arabim</span> <span class='ocrx_word' id='word_1_199' title='bbox 1806 2769 1864 2818; x_wconf 62' lang='lat' dir='ltr'>M</span> 
     </span>
     <span class='ocr_line' id='line_1_21' title="bbox 504 2840 1864 2948; baseline -0.025 -15"><span class='ocrx_word' id='word_1_200' title='bbox 504 2863 610 2948; x_wconf 66' lang='lat' dir='ltr'>„sunt</span> <span class='ocrx_word' id='word_1_201' title='bbox 623 2854 679 2926; x_wconf 86' lang='lat' dir='ltr'>nisi</span> <span class='ocrx_word' id='word_1_202' title='bbox 695 2852 768 2944; x_wconf 88' lang='lat' dir='ltr'>quis</span> <span class='ocrx_word' id='word_1_203' title='bbox 783 2865 880 2938; x_wconf 89' lang='lat' dir='ltr'>putet</span> <span class='ocrx_word' id='word_1_204' title='bbox 891 2863 1059 2913; x_wconf 74' lang='lat' dir='ltr'>senecia</span> <span class='ocrx_word' id='word_1_205' title='bbox 1070 2847 1103 2908; x_wconf 71' lang='grc' dir='ltr'>ἀ</span> <span class='ocrx_word' id='word_1_206' title='bbox 1118 2861 1259 2907; x_wconf 77' lang='lat' dir='ltr'>notrii</span> <span class='ocrx_word' id='word_1_207' title='bbox 1283 2840 1485 2929; x_wconf 84' lang='lat' dir='ltr'>temporibus</span> <span class='ocrx_word' id='word_1_208' title='bbox 1507 2841 1663 2912; x_wconf 73' lang='lat' dir='ltr'>Arabicas</span> <span class='ocrx_word' id='word_1_209' title='bbox 1685 2845 1789 2916; x_wconf 62' lang='lat' dir='ltr'>litem</span> <span class='ocrx_word' id='word_1_210' title='bbox 1802 2851 1864 2916; x_wconf 65' lang='lat' dir='ltr'>Ro.</span> 
     </span>
     <span class='ocr_line' id='line_1_22' title="bbox 505 2937 1860 3051; baseline -0.019 -19"><span class='ocrx_word' id='word_1_211' title='bbox 505 2986 586 3051; x_wconf 84' lang='lat' dir='ltr'>„mae</span> <span class='ocrx_word' id='word_1_212' title='bbox 599 2956 691 3028; x_wconf 84' lang='lat' dir='ltr'>foisse</span> <span class='ocrx_word' id='word_1_213' title='bbox 715 2947 839 3020; x_wconf 82' lang='lat' dir='ltr'>ostatas</span> <span class='ocrx_word' id='word_1_214' title='bbox 853 2941 894 3032; x_wconf 92' lang='lat' dir='ltr'>(si</span> <span class='ocrx_word' id='word_1_215' title='bbox 907 2964 1026 3032; x_wconf 90' lang='lat' dir='ltr'>nempe</span> <span class='ocrx_word' id='word_1_216' title='bbox 1039 2937 1297 3029; x_wconf 88' lang='lat' dir='ltr'>Manuscriptum</span> <span class='ocrx_word' id='word_1_217' title='bbox 1311 2937 1398 3007; x_wconf 80' lang='lat' dir='ltr'>islani</span> <span class='ocrx_word' id='word_1_218' title='bbox 1407 2939 1627 3029; x_wconf 80' lang='lat' dir='ltr'>atatemscrt).</span> <span class='ocrx_word' id='word_1_219' title='bbox 1682 2946 1860 3015; x_wconf 69' lang='lat' dir='ltr'>Atriorum</span> 
     </span>
     <span class='ocr_line' id='line_1_23' title="bbox 507 3038 1857 3149; baseline -0.016 -19"><span class='ocrx_word' id='word_1_220' title='bbox 507 3064 589 3149; x_wconf 82' lang='lat' dir='ltr'>„liae</span> <span class='ocrx_word' id='word_1_221' title='bbox 601 3054 704 3123; x_wconf 90' lang='lat' dir='ltr'>solum</span> <span class='ocrx_word' id='word_1_222' title='bbox 717 3066 808 3117; x_wconf 82' lang='lat' dir='ltr'>etate</span> <span class='ocrx_word' id='word_1_223' title='bbox 822 3042 1015 3111; x_wconf 83' lang='lat' dir='ltr'>vetustiores</span> <span class='ocrx_word' id='word_1_224' title='bbox 1028 3041 1091 3108; x_wconf 80' lang='lat' dir='ltr'>elie</span> <span class='ocrx_word' id='word_1_225' title='bbox 1104 3038 1241 3106; x_wconf 88' lang='lat' dir='ltr'>dicimus</span> <span class='ocrx_word' id='word_1_226' title='bbox 1255 3038 1401 3129; x_wconf 83' lang='lat' dir='ltr'>vulgares</span> <span class='ocrx_word' id='word_1_227' title='bbox 1416 3042 1604 3111; x_wconf 85' lang='lat' dir='ltr'>numerandi</span> <span class='ocrx_word' id='word_1_228' title='bbox 1619 3063 1724 3127; x_wconf 85' lang='lat' dir='ltr'>optas,</span> <span class='ocrx_word' id='word_1_229' title='bbox 1738 3042 1788 3113; x_wconf 89' lang='lat' dir='ltr'>sed</span> <span class='ocrx_word' id='word_1_230' title='bbox 1800 3046 1857 3136; x_wconf 84' lang='lat' dir='ltr'>plt-</span> 
     </span>
     <span class='ocr_line' id='line_1_24' title="bbox 506 3142 1852 3247; baseline -0.013 -19"><span class='ocrx_word' id='word_1_231' title='bbox 506 3180 570 3247; x_wconf 87' lang='lat' dir='ltr'>„ne</span> <span class='ocrx_word' id='word_1_232' title='bbox 585 3152 650 3247; x_wconf 87' lang='lat' dir='ltr'>ipsa</span> <span class='ocrx_word' id='word_1_233' title='bbox 663 3150 724 3219; x_wconf 81' lang='lat' dir='ltr'>elle</span> <span class='ocrx_word' id='word_1_234' title='bbox 740 3148 896 3215; x_wconf 89' lang='lat' dir='ltr'>elementa</span> <span class='ocrx_word' id='word_1_235' title='bbox 910 3144 1109 3217; x_wconf 78' lang='lat' dir='ltr'>Grecorum</span> <span class='ocrx_word' id='word_1_236' title='bbox 1123 3160 1196 3227; x_wconf 75' lang='lat' dir='ltr'>que</span> <span class='ocrx_word' id='word_1_237' title='bbox 1209 3158 1250 3205; x_wconf 78' lang='lat' dir='ltr'>se</span> <span class='ocrx_word' id='word_1_238' title='bbox 1261 3160 1283 3205; x_wconf 80' lang='lat' dir='ltr'>n·</span> <span class='ocrx_word' id='word_1_239' title='bbox 1293 3160 1311 3205; x_wconf 79' lang='lat' dir='ltr'>e</span> <span class='ocrx_word' id='word_1_240' title='bbox 1320 3160 1338 3203; x_wconf 92' lang='lat' dir='ltr'>c</span> <span class='ocrx_word' id='word_1_241' title='bbox 1347 3160 1376 3205; x_wconf 77' lang='lat' dir='ltr'>ie</span> <span class='ocrx_word' id='word_1_242' title='bbox 1391 3143 1422 3206; x_wconf 74' lang='lat' dir='ltr'>bt</span> <span class='ocrx_word' id='word_1_243' title='bbox 1442 3158 1587 3211; x_wconf 73' lang='lat' dir='ltr'>sossii</span> <span class='ocrx_word' id='word_1_244' title='bbox 1610 3160 1705 3212; x_wconf 80' lang='lat' dir='ltr'>aetate</span> <span class='ocrx_word' id='word_1_245' title='bbox 1724 3144 1766 3213; x_wconf 82' lang='lat' dir='ltr'>ita</span> <span class='ocrx_word' id='word_1_246' title='bbox 1776 3142 1852 3227; x_wconf 77' lang='lat' dir='ltr'>iamt</span> 
     </span>
     <span class='ocr_line' id='line_1_25' title="bbox 507 3236 1851 3345; baseline -0.012 -19"><span class='ocrx_word' id='word_1_247' title='bbox 507 3259 634 3345; x_wconf 83' lang='lat' dir='ltr'>„nativa</span> <span class='ocrx_word' id='word_1_248' title='bbox 646 3250 750 3319; x_wconf 86' lang='lat' dir='ltr'>forma</span> <span class='ocrx_word' id='word_1_249' title='bbox 764 3244 1038 3335; x_wconf 79' lang='lat' dir='ltr'>degeneraverant</span> <span class='ocrx_word' id='word_1_250' title='bbox 1052 3236 1218 3326; x_wconf 88' lang='lat' dir='ltr'>frequenti</span> <span class='ocrx_word' id='word_1_251' title='bbox 1230 3236 1429 3305; x_wconf 89' lang='lat' dir='ltr'>calculorum</span> <span class='ocrx_word' id='word_1_252' title='bbox 1444 3238 1740 3332; x_wconf 78' lang='lat' dir='ltr'>Pyungoricorum</span> <span class='ocrx_word' id='word_1_253' title='bbox 1752 3240 1811 3323; x_wconf 87' lang='lat' dir='ltr'>usu,</span> <span class='ocrx_word' id='word_1_254' title='bbox 1823 3258 1851 3309; x_wconf 85' lang='lat' dir='ltr'>ut</span> 
     </span>
     <span class='ocr_line' id='line_1_26' title="bbox 508 3334 1851 3455; baseline -0.017 -27"><span class='ocrx_word' id='word_1_255' title='bbox 508 3380 592 3455; x_wconf 67' lang='lat' dir='ltr'>„nec</span> <span class='ocrx_word' id='word_1_256' title='bbox 606 3378 622 3422; x_wconf 87' lang='lat' dir='ltr'>a</span> <span class='ocrx_word' id='word_1_257' title='bbox 634 3366 788 3420; x_wconf 70' lang='lat' dir='ltr'>nora-io</span> <span class='ocrx_word' id='word_1_258' title='bbox 802 3341 906 3433; x_wconf 81' lang='lat' dir='ltr'>agnita</span> <span class='ocrx_word' id='word_1_259' title='bbox 918 3337 990 3407; x_wconf 81' lang='lat' dir='ltr'>fint.</span> <span class='ocrx_word' id='word_1_260' title='bbox 1038 3338 1168 3404; x_wconf 88' lang='lat' dir='ltr'>Putavit</span> <span class='ocrx_word' id='word_1_261' title='bbox 1179 3335 1265 3401; x_wconf 88' lang='lat' dir='ltr'>enim</span> <span class='ocrx_word' id='word_1_262' title='bbox 1280 3334 1416 3405; x_wconf 77' lang='lat' dir='ltr'>coniitia</span> <span class='ocrx_word' id='word_1_263' title='bbox 1431 3335 1520 3405; x_wconf 83' lang='lat' dir='ltr'>soille</span> <span class='ocrx_word' id='word_1_264' title='bbox 1531 3340 1785 3434; x_wconf 75' lang='lat' dir='ltr'>aPythagorieis,</span> <span class='ocrx_word' id='word_1_265' title='bbox 1795 3362 1851 3433; x_wconf 82' lang='lat' dir='ltr'>que</span> 
     </span>
     <span class='ocr_line' id='line_1_27' title="bbox 507 3433 1850 3543; baseline -0.019 -17"><span class='ocrx_word' id='word_1_266' title='bbox 507 3458 568 3543; x_wconf 86' lang='lat' dir='ltr'>„ab</span> <span class='ocrx_word' id='word_1_267' title='bbox 585 3457 622 3521; x_wconf 85' lang='lat' dir='ltr'>iis</span> <span class='ocrx_word' id='word_1_268' title='bbox 635 3450 765 3518; x_wconf 88' lang='lat' dir='ltr'>fuerant</span> <span class='ocrx_word' id='word_1_269' title='bbox 779 3457 945 3529; x_wconf 84' lang='lat' dir='ltr'>corrupta.</span> <span class='ocrx_word' id='word_1_270' title='bbox 1018 3433 1154 3518; x_wconf 82' lang='lat' dir='ltr'>Subjicit</span> <span class='ocrx_word' id='word_1_271' title='bbox 1168 3434 1287 3500; x_wconf 86' lang='lat' dir='ltr'>deinde</span> <span class='ocrx_word' id='word_1_272' title='bbox 1302 3436 1406 3501; x_wconf 84' lang='lat' dir='ltr'>literas</span> <span class='ocrx_word' id='word_1_273' title='bbox 1420 3458 1558 3527; x_wconf 88' lang='lat' dir='ltr'>quoque</span> <span class='ocrx_word' id='word_1_274' title='bbox 1574 3440 1751 3529; x_wconf 73' lang='lat' dir='ltr'>Alpliabeti</span> <span class='ocrx_word' id='word_1_275' title='bbox 1764 3442 1799 3511; x_wconf 68' lang='lat' dir='ltr'>ab</span> <span class='ocrx_word' id='word_1_276' title='bbox 1812 3442 1850 3507; x_wconf 77' lang='lat' dir='ltr'>iir-</span> 
     </span>
     <span class='ocr_line' id='line_1_28' title="bbox 507 3532 1847 3644; baseline -0.013 -20"><span class='ocrx_word' id='word_1_277' title='bbox 507 3558 608 3644; x_wconf 85' lang='lat' dir='ltr'>„dem</span> <span class='ocrx_word' id='word_1_278' title='bbox 621 3548 714 3618; x_wconf 85' lang='lat' dir='ltr'>soille</span> <span class='ocrx_word' id='word_1_279' title='bbox 734 3547 766 3609; x_wconf 93' lang='lat' dir='ltr'>in</span> <span class='ocrx_word' id='word_1_280' title='bbox 785 3535 985 3606; x_wconf 86' lang='lat' dir='ltr'>numerando</span> <span class='ocrx_word' id='word_1_281' title='bbox 1003 3533 1120 3603; x_wconf 83' lang='lat' dir='ltr'>ascitis.</span> <span class='ocrx_word' id='word_1_282' title='bbox 1175 3532 1279 3627; x_wconf 85' lang='lat' dir='ltr'>Quod</span> <span class='ocrx_word' id='word_1_283' title='bbox 1297 3533 1338 3600; x_wconf 88' lang='lat' dir='ltr'>de</span> <span class='ocrx_word' id='word_1_284' title='bbox 1351 3534 1448 3601; x_wconf 80' lang='lat' dir='ltr'>literis</span> <span class='ocrx_word' id='word_1_285' title='bbox 1470 3540 1621 3605; x_wconf 81' lang='lat' dir='ltr'>Romanis</span> <span class='ocrx_word' id='word_1_286' title='bbox 1644 3540 1712 3621; x_wconf 79' lang='lat' dir='ltr'>dici</span> <span class='ocrx_word' id='word_1_287' title='bbox 1728 3562 1788 3609; x_wconf 90' lang='lat' dir='ltr'>non</span> <span class='ocrx_word' id='word_1_288' title='bbox 1802 3560 1847 3631; x_wconf 87' lang='lat' dir='ltr'>po·</span> 
     </span>
     <span class='ocr_line' id='line_1_29' title="bbox 509 3632 1848 3741; baseline -0.021 -17"><span class='ocrx_word' id='word_1_289' title='bbox 509 3656 605 3741; x_wconf 66' lang='lat' dir='ltr'>„tuit</span> <span class='ocrx_word' id='word_1_290' title='bbox 620 3647 746 3738; x_wconf 89' lang='lat' dir='ltr'>quippe</span> <span class='ocrx_word' id='word_1_291' title='bbox 762 3662 833 3731; x_wconf 77' lang='lat' dir='ltr'>qua:</span> <span class='ocrx_word' id='word_1_292' title='bbox 847 3637 888 3705; x_wconf 91' lang='lat' dir='ltr'>ad</span> <span class='ocrx_word' id='word_1_293' title='bbox 903 3636 1111 3726; x_wconf 86' lang='lat' dir='ltr'>operationes</span> <span class='ocrx_word' id='word_1_294' title='bbox 1123 3632 1335 3699; x_wconf 83' lang='lat' dir='ltr'>arithmeticas</span> <span class='ocrx_word' id='word_1_295' title='bbox 1356 3634 1471 3720; x_wconf 76' lang='lat' dir='ltr'>inepte</span> <span class='ocrx_word' id='word_1_296' title='bbox 1488 3633 1559 3701; x_wconf 88' lang='lat' dir='ltr'>sint.</span> <span class='ocrx_word' id='word_1_297' title='bbox 1608 3640 1699 3728; x_wconf 75' lang='lat' dir='ltr'>Ergo</span> <span class='ocrx_word' id='word_1_298' title='bbox 1713 3639 1848 3729; x_wconf 64' lang='lat' dir='ltr'>Pprhrgo·</span> 
     </span>
     <span class='ocr_line' id='line_1_30' title="bbox 507 3730 1846 3841; baseline -0.016 -18"><span class='ocrx_word' id='word_1_299' title='bbox 507 3753 588 3841; x_wconf 86' lang='lat' dir='ltr'>„rici</span> <span class='ocrx_word' id='word_1_300' title='bbox 602 3750 708 3817; x_wconf 84' lang='lat' dir='ltr'>literas</span> <span class='ocrx_word' id='word_1_301' title='bbox 722 3738 867 3814; x_wconf 87' lang='lat' dir='ltr'>easdem,</span> <span class='ocrx_word' id='word_1_302' title='bbox 882 3735 937 3803; x_wconf 91' lang='lat' dir='ltr'>vel</span> <span class='ocrx_word' id='word_1_303' title='bbox 951 3736 1086 3823; x_wconf 85' lang='lat' dir='ltr'>integras</span> <span class='ocrx_word' id='word_1_304' title='bbox 1102 3733 1210 3799; x_wconf 87' lang='lat' dir='ltr'>nativa</span> <span class='ocrx_word' id='word_1_305' title='bbox 1234 3730 1335 3799; x_wconf 89' lang='lat' dir='ltr'>forma</span> <span class='ocrx_word' id='word_1_306' title='bbox 1354 3732 1481 3799; x_wconf 86' lang='lat' dir='ltr'>calculis</span> <span class='ocrx_word' id='word_1_307' title='bbox 1502 3731 1563 3800; x_wconf 88' lang='lat' dir='ltr'>suis</span> <span class='ocrx_word' id='word_1_308' title='bbox 1584 3732 1791 3817; x_wconf 85' lang='lat' dir='ltr'>adhibebant,</span> <span class='ocrx_word' id='word_1_309' title='bbox 1808 3732 1846 3801; x_wconf 80' lang='lat' dir='ltr'>iel</span> 
     </span>
     <span class='ocr_line' id='line_1_31' title="bbox 509 3828 1846 3940; baseline -0.016 -18"><span class='ocrx_word' id='word_1_310' title='bbox 509 3850 719 3940; x_wconf 83' lang='lat' dir='ltr'>„adulteratas</span> <span class='ocrx_word' id='word_1_311' title='bbox 731 3847 763 3909; x_wconf 78' lang='lat' dir='ltr'>bt</span> <span class='ocrx_word' id='word_1_312' title='bbox 776 3854 957 3924; x_wconf 86' lang='lat' dir='ltr'>corruptas.</span> <span class='ocrx_word' id='word_1_313' title='bbox 1005 3832 1125 3921; x_wconf 75' lang='lat' dir='ltr'>Neqfle</span> <span class='ocrx_word' id='word_1_314' title='bbox 1139 3851 1230 3897; x_wconf 79' lang='lat' dir='ltr'>notas</span> <span class='ocrx_word' id='word_1_315' title='bbox 1247 3828 1358 3909; x_wconf 89' lang='lat' dir='ltr'>solum,</span> <span class='ocrx_word' id='word_1_316' title='bbox 1374 3828 1426 3899; x_wconf 88' lang='lat' dir='ltr'>sed</span> <span class='ocrx_word' id='word_1_317' title='bbox 1443 3831 1660 3923; x_wconf 78' lang='lat' dir='ltr'>&amp;decuplam</span> <span class='ocrx_word' id='word_1_318' title='bbox 1675 3830 1846 3927; x_wconf 79' lang='lat' dir='ltr'>progresso·</span> 
     </span>
     <span class='ocr_line' id='line_1_32' title="bbox 508 3926 1845 4039; baseline -0.017 -20"><span class='ocrx_word' id='word_1_319' title='bbox 508 3974 604 4039; x_wconf 89' lang='lat' dir='ltr'>„nem</span> <span class='ocrx_word' id='word_1_320' title='bbox 622 3958 832 4014; x_wconf 88' lang='lat' dir='ltr'>numerorum</span> <span class='ocrx_word' id='word_1_321' title='bbox 847 3932 969 4001; x_wconf 84' lang='lat' dir='ltr'>lliubes</span> <span class='ocrx_word' id='word_1_322' title='bbox 982 3952 1000 3997; x_wconf 93' lang='lat' dir='ltr'>a</span> <span class='ocrx_word' id='word_1_323' title='bbox 1015 3931 1133 3999; x_wconf 76' lang='lat' dir='ltr'>Grecis</span> <span class='ocrx_word' id='word_1_324' title='bbox 1146 3930 1284 3996; x_wconf 88' lang='lat' dir='ltr'>iiiutnati</span> <span class='ocrx_word' id='word_1_325' title='bbox 1301 3928 1383 3997; x_wconf 88' lang='lat' dir='ltr'>sunt.</span> <span class='ocrx_word' id='word_1_326' title='bbox 1433 3934 1510 3999; x_wconf 87' lang='lat' dir='ltr'>Non</span> <span class='ocrx_word' id='word_1_327' title='bbox 1530 3933 1618 3999; x_wconf 86' lang='lat' dir='ltr'>enim</span> <span class='ocrx_word' id='word_1_328' title='bbox 1633 3934 1800 4023; x_wconf 84' lang='lat' dir='ltr'>putandum</span> <span class='ocrx_word' id='word_1_329' title='bbox 1812 3926 1845 3997; x_wconf 85' lang='lat' dir='ltr'>d</span> 
     </span>
     <span class='ocr_line' id='line_1_33' title="bbox 507 4026 1843 4145; baseline -0.016 -27"><span class='ocrx_word' id='word_1_330' title='bbox 507 4048 692 4145; x_wconf 85' lang='lat' dir='ltr'>„peculiare</span> <span class='ocrx_word' id='word_1_331' title='bbox 705 4037 875 4131; x_wconf 84' lang='lat' dir='ltr'>quippiam</span> <span class='ocrx_word' id='word_1_332' title='bbox 896 4030 990 4097; x_wconf 79' lang='lat' dir='ltr'>inesse</span> <span class='ocrx_word' id='word_1_333' title='bbox 1012 4026 1228 4118; x_wconf 79' lang='lat' dir='ltr'>progressioni</span> <span class='ocrx_word' id='word_1_334' title='bbox 1249 4026 1342 4107; x_wconf 90' lang='lat' dir='ltr'>hnic,</span> <span class='ocrx_word' id='word_1_335' title='bbox 1362 4030 1577 4117; x_wconf 88' lang='lat' dir='ltr'>quamobrem</span> <span class='ocrx_word' id='word_1_336' title='bbox 1600 4032 1659 4101; x_wconf 87' lang='lat' dir='ltr'>alia</span> <span class='ocrx_word' id='word_1_337' title='bbox 1678 4030 1777 4101; x_wconf 86' lang='lat' dir='ltr'>ascisci</span> <span class='ocrx_word' id='word_1_338' title='bbox 1794 4048 1843 4096; x_wconf 86' lang='lat' dir='ltr'>nou</span> 
     </span>
     <span class='ocr_line' id='line_1_34' title="bbox 508 4125 1842 4243; baseline -0.018 -24"><span class='ocrx_word' id='word_1_339' title='bbox 508 4146 702 4243; x_wconf 88' lang='lat' dir='ltr'>„potuerit,</span> <span class='ocrx_word' id='word_1_340' title='bbox 738 4136 793 4204; x_wconf 90' lang='lat' dir='ltr'>vel</span> <span class='ocrx_word' id='word_1_341' title='bbox 811 4134 854 4199; x_wconf 91' lang='lat' dir='ltr'>ita</span> <span class='ocrx_word' id='word_1_342' title='bbox 873 4129 1097 4221; x_wconf 77' lang='lat' dir='ltr'>pervulgatam</span> <span class='ocrx_word' id='word_1_343' title='bbox 1117 4125 1225 4207; x_wconf 78' lang='lat' dir='ltr'>soille,</span> <span class='ocrx_word' id='word_1_344' title='bbox 1259 4146 1298 4195; x_wconf 92' lang='lat' dir='ltr'>ut</span> <span class='ocrx_word' id='word_1_345' title='bbox 1321 4129 1438 4195; x_wconf 89' lang='lat' dir='ltr'>nullam</span> <span class='ocrx_word' id='word_1_346' title='bbox 1459 4130 1550 4197; x_wconf 88' lang='lat' dir='ltr'>aliani</span> <span class='ocrx_word' id='word_1_347' title='bbox 1578 4127 1730 4221; x_wconf 64' lang='lat' dir='ltr'>usurpare</span> <span class='ocrx_word' id='word_1_348' title='bbox 1749 4148 1842 4221; x_wconf 82' lang='lat' dir='ltr'>potue·</span> 
     </span>
     <span class='ocr_line' id='line_1_35' title="bbox 508 4224 1843 4335; baseline -0.017 -17"><span class='ocrx_word' id='word_1_349' title='bbox 508 4252 606 4335; x_wconf 77' lang='lat' dir='ltr'>„rint</span> <span class='ocrx_word' id='word_1_350' title='bbox 657 4232 879 4321; x_wconf 84' lang='lat' dir='ltr'>Duodecupla</span> <span class='ocrx_word' id='word_1_351' title='bbox 892 4226 1074 4318; x_wconf 82' lang='lat' dir='ltr'>Progreslio</span> <span class='ocrx_word' id='word_1_352' title='bbox 1089 4227 1218 4318; x_wconf 77' lang='lat' dir='ltr'>longior</span> <span class='ocrx_word' id='word_1_353' title='bbox 1235 4227 1346 4293; x_wconf 88' lang='lat' dir='ltr'>utilior</span> <span class='ocrx_word' id='word_1_354' title='bbox 1353 4226 1398 4293; x_wconf 89' lang='lat' dir='ltr'>est</span> <span class='ocrx_word' id='word_1_355' title='bbox 1416 4226 1570 4319; x_wconf 74' lang='lat' dir='ltr'>deciipla5</span> <span class='ocrx_word' id='word_1_356' title='bbox 1588 4252 1661 4298; x_wconf 89' lang='lat' dir='ltr'>narn</span> <span class='ocrx_word' id='word_1_357' title='bbox 1677 4224 1843 4321; x_wconf 79' lang='lat' dir='ltr'>pluresrttl·</span> 
     </span>
     <span class='ocr_line' id='line_1_36' title="bbox 508 4324 1841 4441; baseline -0.02 -30"><span class='ocrx_word' id='word_1_358' title='bbox 508 4351 580 4441; x_wconf 84' lang='lat' dir='ltr'>„pit</span> <span class='ocrx_word' id='word_1_359' title='bbox 595 4340 785 4435; x_wconf 76' lang='lat' dir='ltr'>partitiones·</span> <span class='ocrx_word' id='word_1_360' title='bbox 799 4328 1018 4399; x_wconf 89' lang='lat' dir='ltr'>duodenarius</span> <span class='ocrx_word' id='word_1_361' title='bbox 1032 4348 1300 4417; x_wconf 83' lang='lat' dir='ltr'>iiunici·us,quam</span> <span class='ocrx_word' id='word_1_362' title='bbox 1310 4325 1467 4395; x_wconf 82' lang='lat' dir='ltr'>denarius.</span> <span class='ocrx_word' id='word_1_363' title='bbox 1521 4332 1645 4397; x_wconf 76' lang='lat' dir='ltr'>Verum</span> <span class='ocrx_word' id='word_1_364' title='bbox 1661 4324 1841 4399; x_wconf 63' lang='lat' dir='ltr'>homile·</span> 
     </span>
     <span class='ocr_line' id='line_1_37' title="bbox 508 4422 1842 4535; baseline -0.016 -23"><span class='ocrx_word' id='word_1_365' title='bbox 508 4446 668 4535; x_wconf 78' lang='lat' dir='ltr'>„cuplabi</span> <span class='ocrx_word' id='word_1_366' title='bbox 685 4432 855 4527; x_wconf 85' lang='lat' dir='ltr'>qnintopla</span> <span class='ocrx_word' id='word_1_367' title='bbox 870 4422 1093 4518; x_wconf 75' lang='lat' dir='ltr'>progressione</span> <span class='ocrx_word' id='word_1_368' title='bbox 1105 4422 1151 4492; x_wconf 90' lang='lat' dir='ltr'>usi</span> <span class='ocrx_word' id='word_1_369' title='bbox 1166 4423 1248 4503; x_wconf 86' lang='lat' dir='ltr'>liinr,</span> <span class='ocrx_word' id='word_1_370' title='bbox 1264 4446 1403 4513; x_wconf 82' lang='lat' dir='ltr'>propter</span> <span class='ocrx_word' id='word_1_371' title='bbox 1412 4448 1582 4495; x_wconf 90' lang='lat' dir='ltr'>numerum</span> <span class='ocrx_word' id='word_1_372' title='bbox 1592 4430 1842 4519; x_wconf 65' lang='lat' dir='ltr'>digitorumque</span> 
     </span>
     <span class='ocr_line' id='line_1_38' title="bbox 506 4518 1842 4637; baseline -0.016 -28"><span class='ocrx_word' id='word_1_373' title='bbox 506 4565 631 4637; x_wconf 85' lang='lat' dir='ltr'>„quum</span> <span class='ocrx_word' id='word_1_374' title='bbox 649 4540 788 4628; x_wconf 88' lang='lat' dir='ltr'>primuni</span> <span class='ocrx_word' id='word_1_375' title='bbox 802 4526 1010 4617; x_wconf 77' lang='lat' dir='ltr'>aniigmndos</span> <span class='ocrx_word' id='word_1_376' title='bbox 1033 4546 1185 4591; x_wconf 82' lang='lat' dir='ltr'>numeros</span> <span class='ocrx_word' id='word_1_377' title='bbox 1206 4523 1414 4605; x_wconf 87' lang='lat' dir='ltr'>adhiberent,</span> <span class='ocrx_word' id='word_1_378' title='bbox 1430 4526 1705 4617; x_wconf 82' lang='lat' dir='ltr'>progressionibus</span> <span class='ocrx_word' id='word_1_379' title='bbox 1723 4518 1842 4597; x_wconf 68' lang='lat' dir='ltr'>hotias-</span> 
     </span>
     <span class='ocr_line' id='line_1_39' title="bbox 505 4623 1840 4729; baseline -0.019 -17"><span class='ocrx_word' id='word_1_380' title='bbox 505 4640 654 4729; x_wconf 85' lang='lat' dir='ltr'>„sutfatli</span> <span class='ocrx_word' id='word_1_381' title='bbox 669 4636 751 4703; x_wconf 86' lang='lat' dir='ltr'>sunt.</span> <span class='ocrx_word' id='word_1_382' title='bbox 803 4630 840 4697; x_wconf 90' lang='lat' dir='ltr'>ld</span> <span class='ocrx_word' id='word_1_383' title='bbox 855 4644 967 4715; x_wconf 87' lang='lat' dir='ltr'>aperte</span> <span class='ocrx_word' id='word_1_384' title='bbox 983 4624 1087 4711; x_wconf 88' lang='lat' dir='ltr'>liquet</span> <span class='ocrx_word' id='word_1_385' title='bbox 1102 4644 1145 4690; x_wconf 75' lang='lat' dir='ltr'>ex</span> <span class='ocrx_word' id='word_1_386' title='bbox 1159 4646 1202 4691; x_wconf 90' lang='lat' dir='ltr'>eo</span> <span class='ocrx_word' id='word_1_387' title='bbox 1217 4623 1293 4689; x_wconf 89' lang='lat' dir='ltr'>loco</span> <span class='ocrx_word' id='word_1_388' title='bbox 1313 4643 1464 4692; x_wconf 73' lang='lat' dir='ltr'>nostri.</span> <span class='ocrx_word' id='word_1_389' title='bbox 1539 4625 1760 4697; x_wconf 74' lang='lat' dir='ltr'>Aritlinietice</span> <span class='ocrx_word' id='word_1_390' title='bbox 1779 4638 1840 4691; x_wconf 77' lang='lat' dir='ltr'>nota</span> 
     </span>
     <span class='ocr_line' id='line_1_40' title="bbox 505 4718 1842 4829; baseline -0.019 -16"><span class='ocrx_word' id='word_1_391' title='bbox 505 4750 757 4829; x_wconf 84' lang='lat' dir='ltr'>„Romanoruni,</span> <span class='ocrx_word' id='word_1_392' title='bbox 771 4722 1029 4821; x_wconf 73' lang='lat' dir='ltr'>progressionem</span> <span class='ocrx_word' id='word_1_393' title='bbox 1041 4723 1226 4813; x_wconf 79' lang='lat' dir='ltr'>quintarum</span> <span class='ocrx_word' id='word_1_394' title='bbox 1240 4727 1271 4792; x_wconf 76' lang='grc' dir='ltr'>δι</span> <span class='ocrx_word' id='word_1_395' title='bbox 1284 4720 1392 4791; x_wconf 86' lang='lat' dir='ltr'>binam</span> <span class='ocrx_word' id='word_1_396' title='bbox 1405 4718 1551 4809; x_wconf 82' lang='lat' dir='ltr'>servant,</span> <span class='ocrx_word' id='word_1_397' title='bbox 1571 4746 1615 4795; x_wconf 83' lang='lat' dir='ltr'>ex</span> <span class='ocrx_word' id='word_1_398' title='bbox 1632 4726 1735 4819; x_wconf 85' lang='lat' dir='ltr'>quino</span> <span class='ocrx_word' id='word_1_399' title='bbox 1747 4724 1842 4815; x_wconf 73' lang='lat' dir='ltr'>digito</span> 
     </span>
    </p>
   </div>
   <div class='ocr_carea' id='block_1_3' title="bbox 1775 4841 1838 4901">
    <p class='ocr_par' dir='ltr' id='par_1_3' title="bbox 1775 4841 1838 4901">
     <span class='ocr_line' id='line_1_41' title="bbox 1775 4841 1838 4901; baseline -0.079 -8"><span class='ocrx_word' id='word_1_400' title='bbox 1775 4841 1838 4901; x_wconf 72' lang='lat' dir='ltr'>tum,</span> 
     </span>
    </p>
   </div>
   <div class='ocr_carea' id='block_1_4' title="bbox 0 0 2468 5896">
    <p class='ocr_par' dir='ltr' id='par_1_4' title="bbox 0 0 2468 5896">
     <span class='ocr_line' id='line_1_42' title="bbox 0 0 2468 5896; baseline 0 0"><span class='ocrx_word' id='word_1_401' title='bbox 0 0 2468 5896; x_wconf 95' lang='lat' dir='ltr'> </span> 
     </span>
    </p>
   </div>
  </div>
 </body>
</html>
